

<record>
  <leader>     cz  a22     n  4500</leader>
  <controlfield tag="001">ko20201089455</controlfield>
  <controlfield tag="003">CZ PrNK</controlfield>
  <controlfield tag="005">20201019124335.0</controlfield>
  <controlfield tag="008">201019|n|aznnnaabn           n a|a      </controlfield>
  <datafield tag="040" ind1=" " ind2=" ">
    <subfield code="a">ABA001</subfield>
    <subfield code="b">cze</subfield>
    <subfield code="d">ABA001</subfield>
    <subfield code="e">rda</subfield>
  </datafield>
  <datafield tag="111" ind1="2" ind2=" ">
    <subfield code="a">Celostátní hospodářská konference národohospodářských sborů krajových</subfield>
    <subfield code="n">(1. :</subfield>
    <subfield code="d">1935 :</subfield>
    <subfield code="c">Praha, Česko).</subfield>
    <subfield code="e">Silniční subkomitét</subfield>
    <subfield code="7">ko20201089455</subfield>
  </datafield>
  <datafield tag="MOR" ind1="1" ind2=" ">
    <subfield code="a">Národohospodářské sbory krajové.</subfield>
    <subfield code="b">Celostátní konference.</subfield>
    <subfield code="b">Silniční subkomitét.</subfield>
    <subfield code="d">(1935 :</subfield>
    <subfield code="c">Praha, Česko)</subfield>
    <subfield code="7">ko20201089455</subfield>
  </datafield>
  <datafield tag="368" ind1=" " ind2=" ">
    <subfield code="a">konference</subfield>
    <subfield code="a">instituce a organizace</subfield>
  </datafield>
  <datafield tag="370" ind1=" " ind2=" ">
    <subfield code="c">Česko</subfield>
    <subfield code="e">Praha, Česko</subfield>
  </datafield>
  <datafield tag="372" ind1=" " ind2=" ">
    <subfield code="a">národní hospodářství</subfield>
    <subfield code="a">silnice</subfield>
    <subfield code="a">silniční doprava</subfield>
  </datafield>
  <datafield tag="377" ind1=" " ind2=" ">
    <subfield code="a">cze</subfield>
  </datafield>
  <datafield tag="410" ind1="2" ind2=" ">
    <subfield code="a">Silniční subkomitét Celostátní hospodářské konference národohospodářských sborů krajových (1935)</subfield>
    <subfield code="0">o</subfield>
  </datafield>
  <datafield tag="670" ind1=" " ind2=" ">
    <subfield code="a">Československé regionalistické ústředí: Národní silnice Plzeň-Košice - páteř republiky, spojení západu s východem</subfield>
  </datafield>
  <datafield tag="906" ind1=" " ind2=" ">
    <subfield code="a">za20201019</subfield>
    <subfield code="b">blau</subfield>
  </datafield>
  <datafield tag="906" ind1=" " ind2=" ">
    <subfield code="a">oz20201019</subfield>
    <subfield code="b">svsv</subfield>
    <subfield code="c">Záhlaví - oprava; Viz - nově; Další info - nově; Související místo - nově; Oblast působení - nově; Jazyk - nově</subfield>
  </datafield>
</record>