

<record>
  <leader>     nz  a22     n  4500</leader>
  <controlfield tag="001">ko20201089465</controlfield>
  <controlfield tag="003">CZ PrNK</controlfield>
  <controlfield tag="005">20201019092522.0</controlfield>
  <controlfield tag="008">201019|n|aznnnaabn           n a|a      </controlfield>
  <datafield tag="040" ind1=" " ind2=" ">
    <subfield code="a">ABA001</subfield>
    <subfield code="b">cze</subfield>
    <subfield code="e">rda</subfield>
  </datafield>
  <datafield tag="110" ind1="2" ind2=" ">
    <subfield code="a">Tělocvičná hasičská jednota Sokol Strakonice</subfield>
    <subfield code="7">ko20201089465</subfield>
  </datafield>
  <datafield tag="368" ind1=" " ind2=" ">
    <subfield code="a">tělovýchovné organizace</subfield>
    <subfield code="a">sportovní organizace</subfield>
    <subfield code="a">hasičské sbory</subfield>
  </datafield>
  <datafield tag="370" ind1=" " ind2=" ">
    <subfield code="c">Česko</subfield>
    <subfield code="e">Strakonice, Česko</subfield>
    <subfield code="f">Rakousko-Uhersko</subfield>
  </datafield>
  <datafield tag="372" ind1=" " ind2=" ">
    <subfield code="a">tělovýchova</subfield>
    <subfield code="a">dobrovolní hasiči</subfield>
    <subfield code="a">sport</subfield>
  </datafield>
  <datafield tag="377" ind1=" " ind2=" ">
    <subfield code="a">cze</subfield>
  </datafield>
  <datafield tag="410" ind1="2" ind2=" ">
    <subfield code="a">Tělocvično-hasičská jednota Sokol Strakonice</subfield>
    <subfield code="0">o</subfield>
  </datafield>
  <datafield tag="410" ind1="2" ind2=" ">
    <subfield code="a">Tělocvično-hasičská jednota Sokol ve Strakonicích</subfield>
    <subfield code="0">o</subfield>
  </datafield>
  <datafield tag="410" ind1="2" ind2=" ">
    <subfield code="a">Hasičská tělocvičná jednota Sokol Strakonice</subfield>
    <subfield code="0">o</subfield>
  </datafield>
  <datafield tag="410" ind1="2" ind2=" ">
    <subfield code="a">Hasičská tělocvičná jednota Sokol ve Strakonicích</subfield>
    <subfield code="0">o</subfield>
  </datafield>
  <datafield tag="410" ind1="2" ind2=" ">
    <subfield code="a">Tělocvičná hasičská jednota Sokol ve Strakonicích</subfield>
    <subfield code="0">o</subfield>
  </datafield>
  <datafield tag="510" ind1="2" ind2=" ">
    <subfield code="a">Tělocvičná jednota Sokol Strakonice (1909-1947)</subfield>
    <subfield code="7">ko20201089494</subfield>
  </datafield>
  <datafield tag="665" ind1=" " ind2=" ">
    <subfield code="a">Tento název se používal v letech 1868(?)-1906. Novější název: Tělocvičná jednota Sokol Strakonice (1906-1947).</subfield>
  </datafield>
  <datafield tag="670" ind1=" " ind2=" ">
    <subfield code="a">Zpráva o činnosti tělocvičné hasičské jednoty Sokol ve Strakonicích</subfield>
  </datafield>
  <datafield tag="670" ind1=" " ind2=" ">
    <subfield code="a">www(Badatelna.eu - Státní okresní archiv Strakonice - Sokol - tělocvičná jednota Strakonice), cit. 19. 10. 2020</subfield>
    <subfield code="u">http://badatelna.eu/fond/53805/</subfield>
  </datafield>
  <datafield tag="906" ind1=" " ind2=" ">
    <subfield code="a">br20201019</subfield>
    <subfield code="b">svsv</subfield>
  </datafield>
</record>