

<record>
  <leader>     nz  a22     n  4500</leader>
  <controlfield tag="001">kon20201089475</controlfield>
  <controlfield tag="003">CZ PrNK</controlfield>
  <controlfield tag="005">20201019085932.0</controlfield>
  <controlfield tag="008">201019|n|aznnnaabn           n a|a      </controlfield>
  <datafield tag="040" ind1=" " ind2=" ">
    <subfield code="a">ABA001</subfield>
    <subfield code="b">cze</subfield>
    <subfield code="e">rda</subfield>
  </datafield>
  <datafield tag="110" ind1="2" ind2=" ">
    <subfield code="a">Okresní archiv Znojmo.</subfield>
    <subfield code="t">Ročenka (Okresní archiv Znojmo)</subfield>
    <subfield code="7">kon20201089475</subfield>
  </datafield>
  <datafield tag="410" ind1="2" ind2=" ">
    <subfield code="a">Okresní archiv Znojmo.</subfield>
    <subfield code="t">Ročenka Okresního archivu ve Znojmě</subfield>
    <subfield code="0">o</subfield>
  </datafield>
  <datafield tag="670" ind1=" " ind2=" ">
    <subfield code="a">Ročenka Okresního archivu ve Znojmě. Ve Znojmě : Okresní archiv, 1987-1992</subfield>
  </datafield>
  <datafield tag="906" ind1=" " ind2=" ">
    <subfield code="a">br20201019</subfield>
    <subfield code="b">juri</subfield>
  </datafield>
  <datafield tag="906" ind1=" " ind2=" ">
    <subfield code="a">ks20201019</subfield>
    <subfield code="b">juri</subfield>
  </datafield>
</record>