

<record>
  <leader>     nz  a22     n  4500</leader>
  <controlfield tag="001">xx0252910</controlfield>
  <controlfield tag="003">CZ PrNK</controlfield>
  <controlfield tag="005">20201019163547.0</controlfield>
  <controlfield tag="008">201019|n|aznnnaabn           n a|a      </controlfield>
  <datafield tag="040" ind1=" " ind2=" ">
    <subfield code="a">CBA001</subfield>
    <subfield code="b">cze</subfield>
    <subfield code="d">ABA001</subfield>
    <subfield code="e">rda</subfield>
  </datafield>
  <datafield tag="046" ind1=" " ind2=" ">
    <subfield code="f">1938</subfield>
    <subfield code="g">2012</subfield>
  </datafield>
  <datafield tag="100" ind1="1" ind2=" ">
    <subfield code="a">Barrett, Anthony N.,</subfield>
    <subfield code="d">1938-2012</subfield>
    <subfield code="7">xx0252910</subfield>
  </datafield>
  <datafield tag="370" ind1=" " ind2=" ">
    <subfield code="c">Velká Británie</subfield>
  </datafield>
  <datafield tag="372" ind1=" " ind2=" ">
    <subfield code="a">počítačová věda</subfield>
    <subfield code="a">biologický výzkum</subfield>
    <subfield code="a">jazz</subfield>
  </datafield>
  <datafield tag="374" ind1=" " ind2=" ">
    <subfield code="a">počítačoví vědci</subfield>
    <subfield code="a">jazzoví hudebníci</subfield>
  </datafield>
  <datafield tag="375" ind1=" " ind2=" ">
    <subfield code="a">muž</subfield>
  </datafield>
  <datafield tag="400" ind1="1" ind2=" ">
    <subfield code="a">Barrett, Anthony,</subfield>
    <subfield code="d">1938-2012</subfield>
    <subfield code="0">o</subfield>
  </datafield>
  <datafield tag="400" ind1="1" ind2=" ">
    <subfield code="a">Barrett, A. N.</subfield>
    <subfield code="q">(Anthony N.),</subfield>
    <subfield code="d">1938-2012</subfield>
    <subfield code="0">o</subfield>
  </datafield>
  <datafield tag="400" ind1="1" ind2=" ">
    <subfield code="a">Barrett, Tony,</subfield>
    <subfield code="d">1938-2012</subfield>
    <subfield code="0">o</subfield>
  </datafield>
  <datafield tag="670" ind1=" " ind2=" ">
    <subfield code="a">LC (Names), cit. 19. 10. 2020</subfield>
    <subfield code="b">autoritní forma, životní data, biografické údaje, pole 375, 377, odkazy viz</subfield>
  </datafield>
  <datafield tag="678" ind1="0" ind2=" ">
    <subfield code="a">Počítačový vědec, specializoval se na biologický výzkum, též jazzový hudebník.</subfield>
  </datafield>
  <datafield tag="906" ind1=" " ind2=" ">
    <subfield code="a">za20201019</subfield>
    <subfield code="b">xlebe</subfield>
  </datafield>
  <datafield tag="906" ind1=" " ind2=" ">
    <subfield code="a">vr20201019</subfield>
    <subfield code="b">lisi</subfield>
  </datafield>
</record>