

<record>
  <leader>     cz  a22     n  4500</leader>
  <controlfield tag="001">xx0252913</controlfield>
  <controlfield tag="003">CZ PrNK</controlfield>
  <controlfield tag="005">20201019094717.0</controlfield>
  <controlfield tag="008">201019|n|aznnnaabn           n a|a      </controlfield>
  <datafield tag="040" ind1=" " ind2=" ">
    <subfield code="a">ABA008</subfield>
    <subfield code="b">cze</subfield>
    <subfield code="d">ABA001</subfield>
    <subfield code="e">rda</subfield>
  </datafield>
  <datafield tag="111" ind1="2" ind2=" ">
    <subfield code="a">International Symposium on Calcium-Regulating Hormones, Body Functions, and Kidney</subfield>
    <subfield code="d">(1990 :</subfield>
    <subfield code="c">Nara, Japonsko)</subfield>
    <subfield code="7">xx0252913</subfield>
  </datafield>
  <datafield tag="MOR" ind1="1" ind2=" ">
    <subfield code="a">International Symposium on Calcium-Regulating Hormones, Body Functions, and Kidney</subfield>
    <subfield code="d">(1990 :</subfield>
    <subfield code="c">Nara-shi, Japonsko)</subfield>
    <subfield code="7">xx0252913</subfield>
  </datafield>
  <datafield tag="368" ind1=" " ind2=" ">
    <subfield code="a">sympozia</subfield>
  </datafield>
  <datafield tag="370" ind1=" " ind2=" ">
    <subfield code="c">Japonsko</subfield>
    <subfield code="e">Nara, Japonsko</subfield>
  </datafield>
  <datafield tag="372" ind1=" " ind2=" ">
    <subfield code="a">farmakologie</subfield>
    <subfield code="a">fyziologie</subfield>
    <subfield code="a">endokrinologie</subfield>
    <subfield code="a">minerální látky</subfield>
  </datafield>
  <datafield tag="377" ind1=" " ind2=" ">
    <subfield code="a">eng</subfield>
  </datafield>
  <datafield tag="411" ind1="2" ind2=" ">
    <subfield code="a">Symposium on Calcium-Regulating Hormones, Body Functions, and Kidney, International</subfield>
    <subfield code="d">(1990 :</subfield>
    <subfield code="c">Nara, Japonsko)</subfield>
    <subfield code="0">o</subfield>
  </datafield>
  <datafield tag="670" ind1=" " ind2=" ">
    <subfield code="a">Calcium-regulating hormones / editor H. Morii, 1991</subfield>
  </datafield>
  <datafield tag="670" ind1=" " ind2=" ">
    <subfield code="a">LC (Names), cit. 19. 10. 2020</subfield>
    <subfield code="b">autoritní forma, odkaz viz</subfield>
  </datafield>
  <datafield tag="906" ind1=" " ind2=" ">
    <subfield code="a">za20201019</subfield>
    <subfield code="b">xlufr</subfield>
  </datafield>
  <datafield tag="906" ind1=" " ind2=" ">
    <subfield code="a">oz20201019</subfield>
    <subfield code="b">svsv</subfield>
    <subfield code="c">Záhlaví - oprava; Viz - oprava; Související místo - oprava</subfield>
  </datafield>
</record>