

<record>
  <leader>     nz  a22     n  4500</leader>
  <datafield tag="900" ind1=" " ind2=" ">
    <subfield code="a">*J-NÁVRH</subfield>
  </datafield>
  <controlfield tag="001">mzk20201089499</controlfield>
  <controlfield tag="003">CZ PrNK</controlfield>
  <controlfield tag="005">20201019094540.0</controlfield>
  <controlfield tag="008">201019|n|aznnnaabn           n a|a      </controlfield>
  <datafield tag="040" ind1=" " ind2=" ">
    <subfield code="a">BOA001</subfield>
    <subfield code="b">cze</subfield>
    <subfield code="e">rda</subfield>
  </datafield>
  <datafield tag="046" ind1=" " ind2=" ">
    <subfield code="f">1683</subfield>
    <subfield code="g">1756</subfield>
  </datafield>
  <datafield tag="100" ind1="1" ind2=" ">
    <subfield code="a">Weiser, Severin Josef,</subfield>
    <subfield code="d">1683-1756</subfield>
    <subfield code="7">mzk20201089499</subfield>
  </datafield>
  <datafield tag="370" ind1=" " ind2=" ">
    <subfield code="b">Blížkovice, Česko</subfield>
    <subfield code="c">Česko</subfield>
    <subfield code="f">Rosice, Brno-venkov, Česko</subfield>
    <subfield code="f">Martínkov, Česko</subfield>
    <subfield code="f">Blížkovice, Česko</subfield>
  </datafield>
  <datafield tag="372" ind1=" " ind2=" ">
    <subfield code="a">učitelé</subfield>
    <subfield code="a">hudebníci</subfield>
    <subfield code="a">varhaníci</subfield>
  </datafield>
  <datafield tag="374" ind1=" " ind2=" ">
    <subfield code="a">hudba</subfield>
    <subfield code="a">vzdělávání</subfield>
  </datafield>
  <datafield tag="375" ind1=" " ind2=" ">
    <subfield code="a">muž</subfield>
  </datafield>
  <datafield tag="400" ind1="1" ind2=" ">
    <subfield code="a">Weisner, Severin Josef,</subfield>
    <subfield code="d">1683-1756</subfield>
    <subfield code="0">o</subfield>
  </datafield>
  <datafield tag="400" ind1="1" ind2=" ">
    <subfield code="a">Weyser, Severin Josef,</subfield>
    <subfield code="d">1683-1756</subfield>
    <subfield code="0">o</subfield>
  </datafield>
  <datafield tag="670" ind1=" " ind2=" ">
    <subfield code="a">Ratolístková, Michaela: Inventáře hudební sbírky v Blížkovicích na Moravě z 18. a 19. století a jejich srovnání se současným stavem pramenů. In: Musicologica Brunensia. Vol. 54, 2019, No. 2, s. 77-88</subfield>
    <subfield code="b">autoritní forma; odkazy viz; biografické údaje; datum narození; datum úmrtí</subfield>
  </datafield>
  <datafield tag="670" ind1=" " ind2=" ">
    <subfield code="a">www(Cantores - Weiser Severin), cit. 19. 10. 2020</subfield>
    <subfield code="b">biografické údaje; datum narození s otazníkem; datum úmrtí</subfield>
    <subfield code="u">http://cantores.wz.cz/jmen/w/weiser_sev.html</subfield>
  </datafield>
  <datafield tag="678" ind1="0" ind2=" ">
    <subfield code="a">Narozen 1683, zemřel 26. 6. 1756 v Blížkovicích. Učitel, kantor a organista v Blížkovicích v letech 1726-1756. Zachovalo se 9 hudebních skladeb z jeho vlastnictví.</subfield>
  </datafield>
  <datafield tag="906" ind1=" " ind2=" ">
    <subfield code="a">za20201019</subfield>
    <subfield code="b">kmonev</subfield>
  </datafield>
</record>