

<record>
  <leader>     nz  a22     n  4500</leader>
  <controlfield tag="001">aun20201089500</controlfield>
  <controlfield tag="003">CZ PrNK</controlfield>
  <controlfield tag="005">20201019094428.0</controlfield>
  <controlfield tag="008">201019|n|aznnnaabn           n a|a      </controlfield>
  <datafield tag="040" ind1=" " ind2=" ">
    <subfield code="a">ABA001</subfield>
    <subfield code="b">cze</subfield>
    <subfield code="e">rda</subfield>
  </datafield>
  <datafield tag="100" ind1="1" ind2=" ">
    <subfield code="a">Maupassant, Guy de,</subfield>
    <subfield code="d">1850-1893.</subfield>
    <subfield code="t">Au soleil.</subfield>
    <subfield code="l">Česky</subfield>
    <subfield code="7">aun20201089500</subfield>
  </datafield>
  <datafield tag="400" ind1="1" ind2=" ">
    <subfield code="a">Maupassant, Guy de,</subfield>
    <subfield code="d">1850-1893.</subfield>
    <subfield code="t">V žáru slunečním</subfield>
    <subfield code="0">o</subfield>
  </datafield>
  <datafield tag="670" ind1=" " ind2=" ">
    <subfield code="a">V žáru slunečním / Guy de Maupassant. V Praze : Jos. R. Vilímek, [1913]</subfield>
  </datafield>
  <datafield tag="670" ind1=" " ind2=" ">
    <subfield code="a">www(Wikipédia, l'encyclopédie libre)</subfield>
  </datafield>
  <datafield tag="670" ind1=" " ind2=" ">
    <subfield code="a">LC (Names)</subfield>
  </datafield>
  <datafield tag="906" ind1=" " ind2=" ">
    <subfield code="a">br20201019</subfield>
    <subfield code="b">juri</subfield>
  </datafield>
  <datafield tag="906" ind1=" " ind2=" ">
    <subfield code="a">ks20201019</subfield>
    <subfield code="b">juri</subfield>
  </datafield>
</record>