

<record>
  <leader>     nz  a22     n  4500</leader>
  <controlfield tag="001">ko20201089511</controlfield>
  <controlfield tag="003">CZ PrNK</controlfield>
  <controlfield tag="005">20201019104253.0</controlfield>
  <controlfield tag="008">201019|n|aznnnaabn           n a|a      </controlfield>
  <datafield tag="040" ind1=" " ind2=" ">
    <subfield code="a">ABA001</subfield>
    <subfield code="b">cze</subfield>
    <subfield code="e">rda</subfield>
  </datafield>
  <datafield tag="110" ind1="2" ind2=" ">
    <subfield code="a">Masarykova akademie práce.</subfield>
    <subfield code="b">Psychotechnický ústav</subfield>
    <subfield code="7">ko20201089511</subfield>
  </datafield>
  <datafield tag="368" ind1=" " ind2=" ">
    <subfield code="a">vědecké ústavy</subfield>
    <subfield code="a">vědecké instituce a organizace</subfield>
  </datafield>
  <datafield tag="370" ind1=" " ind2=" ">
    <subfield code="c">Česko</subfield>
    <subfield code="e">Praha, Česko</subfield>
    <subfield code="f">Československo</subfield>
  </datafield>
  <datafield tag="372" ind1=" " ind2=" ">
    <subfield code="a">psychologie práce</subfield>
    <subfield code="a">vědecký výzkum</subfield>
  </datafield>
  <datafield tag="377" ind1=" " ind2=" ">
    <subfield code="a">cze</subfield>
  </datafield>
  <datafield tag="410" ind1="2" ind2=" ">
    <subfield code="a">Psychotechnický ústav</subfield>
    <subfield code="0">o</subfield>
  </datafield>
  <datafield tag="410" ind1="2" ind2=" ">
    <subfield code="a">Psychotechnický ústav MAP</subfield>
    <subfield code="0">o</subfield>
  </datafield>
  <datafield tag="410" ind1="2" ind2=" ">
    <subfield code="a">Psychotechnický ústav při Masarykově akademii práce</subfield>
    <subfield code="0">o</subfield>
  </datafield>
  <datafield tag="510" ind1="2" ind2=" ">
    <subfield code="w">b</subfield>
    <subfield code="a">Ústřední psychotechnický ústav československý</subfield>
    <subfield code="7">ko20201089517</subfield>
  </datafield>
  <datafield tag="665" ind1=" " ind2=" ">
    <subfield code="a">Tento název se používal v letech 1920-1932. Novější název: Ústřední psychotechnický ústav československý (1932-1939).</subfield>
  </datafield>
  <datafield tag="670" ind1=" " ind2=" ">
    <subfield code="a">www(Sociologická encyklopedie - Masarykova akademie práce (1920-1952)), cit. 19. 10. 2020</subfield>
    <subfield code="u">https://encyklopedie.soc.cas.cz/w/Masarykova_akademie_práce</subfield>
  </datafield>
  <datafield tag="678" ind1=" " ind2=" ">
    <subfield code="a">Psychotechnický ústav vznikl v r. 1920 v rámci Masarykovy akademie, zabýval se psychologickými a dalšími osobními i sociálními podmínkami pracovní výkonnosti. Ústav byl v r. 1936 převzat do státní správy jako Ústřední psychotechnický ústav československý a v r. 1939 byl přejmenován na Ústav lidské práce. Ukončil činnost v r. 1947, kdy byl včleněn do Československého ústavu práce.</subfield>
  </datafield>
  <datafield tag="906" ind1=" " ind2=" ">
    <subfield code="a">br20201019</subfield>
    <subfield code="b">svsv</subfield>
  </datafield>
</record>