

<record>
  <leader>     nz  a22     n  4500</leader>
  <datafield tag="900" ind1=" " ind2=" ">
    <subfield code="a">J-NÁVRH-STT</subfield>
  </datafield>
  <controlfield tag="001">ntk20201089518</controlfield>
  <controlfield tag="003">CZ PrNK</controlfield>
  <controlfield tag="005">20201019101028.0</controlfield>
  <controlfield tag="008">201019|n|aznnnaabn           n a|a      </controlfield>
  <datafield tag="024" ind1="7" ind2=" ">
    <subfield code="a">Q65809</subfield>
    <subfield code="2">wikidata</subfield>
  </datafield>
  <datafield tag="040" ind1=" " ind2=" ">
    <subfield code="a">ABA013</subfield>
    <subfield code="b">cze</subfield>
    <subfield code="e">rda</subfield>
  </datafield>
  <datafield tag="046" ind1=" " ind2=" ">
    <subfield code="f">1625</subfield>
    <subfield code="g">1669</subfield>
  </datafield>
  <datafield tag="100" ind1="0" ind2=" ">
    <subfield code="a">Ferdinand Maximilian,</subfield>
    <subfield code="c">bádenský markrabě,</subfield>
    <subfield code="d">1625-1669</subfield>
    <subfield code="7">ntk20201089518</subfield>
  </datafield>
  <datafield tag="368" ind1=" " ind2=" ">
    <subfield code="d">Erbprinz von Baden-Baden</subfield>
    <subfield code="d">Baden-Baden, Markgraf</subfield>
  </datafield>
  <datafield tag="370" ind1=" " ind2=" ">
    <subfield code="a">Baden-Baden, Německo</subfield>
    <subfield code="b">Heidelberg, Německo</subfield>
    <subfield code="c">Německo</subfield>
  </datafield>
  <datafield tag="372" ind1=" " ind2=" ">
    <subfield code="a">politika</subfield>
    <subfield code="a">vládnutí</subfield>
    <subfield code="a">válečnictví</subfield>
  </datafield>
  <datafield tag="374" ind1=" " ind2=" ">
    <subfield code="a">šlechtici</subfield>
    <subfield code="a">politici</subfield>
    <subfield code="a">vojáci</subfield>
  </datafield>
  <datafield tag="375" ind1=" " ind2=" ">
    <subfield code="a">muž</subfield>
  </datafield>
  <datafield tag="377" ind1=" " ind2=" ">
    <subfield code="a">lat</subfield>
    <subfield code="a">ger</subfield>
  </datafield>
  <datafield tag="400" ind1="0" ind2=" ">
    <subfield code="a">Ferdinand Maxmilián,</subfield>
    <subfield code="c">bádenský markrabě,</subfield>
    <subfield code="d">1625-1669</subfield>
    <subfield code="0">o</subfield>
  </datafield>
  <datafield tag="400" ind1="0" ind2=" ">
    <subfield code="a">Ferdinand Maxmilián,</subfield>
    <subfield code="c">Bádenský,</subfield>
    <subfield code="d">1625-1669</subfield>
    <subfield code="0">o</subfield>
  </datafield>
  <datafield tag="400" ind1="0" ind2=" ">
    <subfield code="a">Ferdinand Maximilian,</subfield>
    <subfield code="c">Baden-Baden, Markgraf,</subfield>
    <subfield code="d">1625-1669</subfield>
    <subfield code="0">o</subfield>
  </datafield>
  <datafield tag="400" ind1="0" ind2=" ">
    <subfield code="a">Ferdinand Maximilian,</subfield>
    <subfield code="c">Erbprinz von Baden,</subfield>
    <subfield code="d">1625-1669</subfield>
    <subfield code="0">o</subfield>
  </datafield>
  <datafield tag="400" ind1="0" ind2=" ">
    <subfield code="a">Ferdinandus,</subfield>
    <subfield code="c">Marchio Badensis,</subfield>
    <subfield code="d">1625-1669</subfield>
    <subfield code="0">o</subfield>
  </datafield>
  <datafield tag="400" ind1="0" ind2=" ">
    <subfield code="a">Ferdinandus Maximilianus</subfield>
    <subfield code="c">Marchion Badensis,</subfield>
    <subfield code="d">1625-1669</subfield>
    <subfield code="0">o</subfield>
  </datafield>
  <datafield tag="400" ind1="0" ind2=" ">
    <subfield code="a">Ferdinand Maximilian,</subfield>
    <subfield code="c">von BADEN Zähringen,</subfield>
    <subfield code="d">1625-1669</subfield>
    <subfield code="0">o</subfield>
  </datafield>
  <datafield tag="400" ind1="1" ind2=" ">
    <subfield code="a">Baden-Baden, Ferdinand Maximilian von,</subfield>
    <subfield code="d">1625-1669</subfield>
    <subfield code="0">o</subfield>
  </datafield>
  <datafield tag="400" ind1="1" ind2=" ">
    <subfield code="a">Zähringen, Ferdinand Maxmilian,</subfield>
    <subfield code="d">1625-1669</subfield>
    <subfield code="0">o</subfield>
  </datafield>
  <datafield tag="667" ind1=" " ind2=" ">
    <subfield code="a">http://d-nb.info/gnd/129458139.</subfield>
  </datafield>
  <datafield tag="670" ind1=" " ind2=" ">
    <subfield code="a">P. GASPARIS SCHOTTI E SOCIETATE JESU, SCHOLA STEGANOGRAPHICA, IN CLASSES OCTO DISTRIBUTA ... Prostant Norimbergæ apud dictosEndteros: SUMPTIBUS JOHANNIS ANDREAE ENDTERI, &amp; WOLFGANGI Iunioris Hæred. Excudebat JOBUS HERTZ, Typographus Herbipol, 1780. ... AD SERENISSIMVM S. R. I. PRINCIPEM FERDINANDUM MAXIMILIANUM MARCHIONEM BADENSEM ...</subfield>
    <subfield code="b">odkaz viz</subfield>
    <subfield code="u">http://mdz-nbn-resolving.de/urn:nbn:de:bvb:12-bsb11110925-4</subfield>
  </datafield>
  <datafield tag="670" ind1=" " ind2=" ">
    <subfield code="a">DNB, cit. 19. 10. 2020</subfield>
    <subfield code="b">autoritní forma, odkazy viz, datum narození a úmrtí</subfield>
    <subfield code="u">http://d-nb.info/gnd/129458139</subfield>
  </datafield>
  <datafield tag="670" ind1=" " ind2=" ">
    <subfield code="a">www(Wikipedia, die freie Enzyklopädie), cit. 19. 10. 2020</subfield>
    <subfield code="b">biografické a profesní údaje</subfield>
    <subfield code="u">https://de.wikipedia.org/wiki/Ferdinand_Maximilian_von_Baden-Baden</subfield>
  </datafield>
  <datafield tag="678" ind1="0" ind2=" ">
    <subfield code="a">Německý šlechtic. Bádensku vládl pouze formou zastupování svého otce bádenského markraběte Wilhelma (1593-1677) u císařského soudního dvora. Zemřel předčasně následkem zranění na lovu. Po smrti svého otce v r. 1677 nastoupil vládu v Bádensku jeho syn markrabě Ludwig Wilhelm I. (1655-1707), který se vyznamenal ve válkách s Turky. V publikacích 17. století bývá v roli dedikanta.</subfield>
  </datafield>
  <datafield tag="906" ind1=" " ind2=" ">
    <subfield code="a">za20201019</subfield>
    <subfield code="b">evbr</subfield>
  </datafield>
  <datafield tag="906" ind1=" " ind2=" ">
    <subfield code="a">ko20201019</subfield>
    <subfield code="b">evbr</subfield>
  </datafield>
</record>