

<record>
  <leader>     nz  a22     n  4500</leader>
  <datafield tag="900" ind1=" " ind2=" ">
    <subfield code="a">*J-NÁVRH</subfield>
  </datafield>
  <controlfield tag="001">mzk20201089521</controlfield>
  <controlfield tag="003">CZ PrNK</controlfield>
  <controlfield tag="005">20201019100932.0</controlfield>
  <controlfield tag="008">201019|n|aznnnaabn           n a|a      </controlfield>
  <datafield tag="040" ind1=" " ind2=" ">
    <subfield code="a">BOA001</subfield>
    <subfield code="b">cze</subfield>
    <subfield code="e">rda</subfield>
  </datafield>
  <datafield tag="046" ind1=" " ind2=" ">
    <subfield code="f">1707</subfield>
    <subfield code="g">1769</subfield>
  </datafield>
  <datafield tag="100" ind1="1" ind2=" ">
    <subfield code="a">Krimer, Antonín Ignác Jan,</subfield>
    <subfield code="d">1707-1769</subfield>
    <subfield code="7">mzk20201089521</subfield>
  </datafield>
  <datafield tag="370" ind1=" " ind2=" ">
    <subfield code="a">Moravské Budějovice, Česko</subfield>
    <subfield code="c">Česko</subfield>
    <subfield code="f">Moravské Budějovice, Česko</subfield>
  </datafield>
  <datafield tag="372" ind1=" " ind2=" ">
    <subfield code="a">učitelé</subfield>
    <subfield code="a">hudebníci</subfield>
  </datafield>
  <datafield tag="374" ind1=" " ind2=" ">
    <subfield code="a">hudba</subfield>
    <subfield code="a">vzdělávání</subfield>
  </datafield>
  <datafield tag="375" ind1=" " ind2=" ">
    <subfield code="a">muž</subfield>
  </datafield>
  <datafield tag="400" ind1="1" ind2=" ">
    <subfield code="a">Krimmer, Antonín Ignác Jan,</subfield>
    <subfield code="d">1707-1769</subfield>
    <subfield code="0">o</subfield>
  </datafield>
  <datafield tag="667" ind1=" " ind2=" ">
    <subfield code="a">Průvodce po archivních fondech ... uvádí datum úmrtí po roce 1769.</subfield>
  </datafield>
  <datafield tag="670" ind1=" " ind2=" ">
    <subfield code="a">Ratolístková, Michaela: Inventáře hudební sbírky v Blížkovicích na Moravě z 18. a 19. století a jejich srovnání se současným stavem pramenů. In: Musicologica Brunensia. Vol. 54, 2019, No. 2, s. 77-88</subfield>
    <subfield code="b">autoritní forma; odkaz viz; biografické údaje; datum narození; datum úmrtí</subfield>
  </datafield>
  <datafield tag="670" ind1=" " ind2=" ">
    <subfield code="a">www(Průvodce po archivních fondech Ústavu dějin hudby Moravského musea v Brně - 2, Blížkovice), cit. 19. 10. 2020</subfield>
    <subfield code="b">biografické údaje; datum narození; přibližné datum úmrtí; rozlišení od Antonína Sigisberta Krimera (1740-1797)</subfield>
    <subfield code="u">http://www.mzm.cz/fileadmin/user_upload/oddeleni/hudba/pruvodce_po_archivnich_fondech_I.pdf</subfield>
  </datafield>
  <datafield tag="678" ind1="0" ind2=" ">
    <subfield code="a">Narozen 2. 7. 1707 v Moravských Budějovicích, zemřel 1796. Učitel a kantor v Moravských Budějovicích, otec Antonína Sigisberta Krimera. Zachovalo se 111 hudebních skladeb z jeho vlastnictví.</subfield>
  </datafield>
  <datafield tag="906" ind1=" " ind2=" ">
    <subfield code="a">za20201019</subfield>
    <subfield code="b">kmonev</subfield>
  </datafield>
</record>