

<record>
  <leader>     cz  a22     n  4500</leader>
  <controlfield tag="001">ntk20201089538</controlfield>
  <controlfield tag="003">CZ PrNK</controlfield>
  <controlfield tag="005">20201023143540.0</controlfield>
  <controlfield tag="008">201019|n|aznnnaabn           n a|a      </controlfield>
  <datafield tag="024" ind1="7" ind2=" ">
    <subfield code="a">0000000083743387</subfield>
    <subfield code="2">isni</subfield>
  </datafield>
  <datafield tag="024" ind1="7" ind2=" ">
    <subfield code="a">Q65766</subfield>
    <subfield code="2">wikidata</subfield>
  </datafield>
  <datafield tag="040" ind1=" " ind2=" ">
    <subfield code="a">ABA013</subfield>
    <subfield code="b">cze</subfield>
    <subfield code="d">ABA001</subfield>
    <subfield code="e">rda</subfield>
  </datafield>
  <datafield tag="046" ind1=" " ind2=" ">
    <subfield code="f">1605</subfield>
    <subfield code="g">1673</subfield>
  </datafield>
  <datafield tag="100" ind1="0" ind2=" ">
    <subfield code="a">Johann Philipp,</subfield>
    <subfield code="c">mohučský arcibiskup,</subfield>
    <subfield code="d">1605-1673</subfield>
    <subfield code="7">ntk20201089538</subfield>
  </datafield>
  <datafield tag="368" ind1=" " ind2=" ">
    <subfield code="d">Kurfürst von Mainz</subfield>
    <subfield code="s">1647</subfield>
    <subfield code="t">1673</subfield>
  </datafield>
  <datafield tag="368" ind1=" " ind2=" ">
    <subfield code="d">Erzbischof von Mainz</subfield>
    <subfield code="s">1647</subfield>
    <subfield code="t">1673</subfield>
  </datafield>
  <datafield tag="368" ind1=" " ind2=" ">
    <subfield code="d">Fürstbischof von Würzburg</subfield>
    <subfield code="s">1642</subfield>
    <subfield code="t">1646</subfield>
  </datafield>
  <datafield tag="368" ind1=" " ind2=" ">
    <subfield code="d">Bischof von Worms</subfield>
    <subfield code="s">1663</subfield>
    <subfield code="t">1673</subfield>
  </datafield>
  <datafield tag="370" ind1=" " ind2=" ">
    <subfield code="a">Laubuseschbach, Weilmünster, Německo</subfield>
    <subfield code="b">Würzburg, Německo</subfield>
    <subfield code="c">Německo</subfield>
    <subfield code="f">Mohuč, Německo</subfield>
    <subfield code="f">Würzburg, Německo</subfield>
    <subfield code="f">Worms, Německo</subfield>
  </datafield>
  <datafield tag="372" ind1=" " ind2=" ">
    <subfield code="a">arcibiskupský úřad</subfield>
    <subfield code="a">biskupský úřad</subfield>
    <subfield code="a">politika</subfield>
    <subfield code="a">vládnutí</subfield>
  </datafield>
  <datafield tag="374" ind1=" " ind2=" ">
    <subfield code="a">šlechtici</subfield>
    <subfield code="a">katoličtí duchovní</subfield>
    <subfield code="a">katoličtí kněží</subfield>
    <subfield code="a">arcibiskupové</subfield>
    <subfield code="a">biskupové</subfield>
    <subfield code="a">kurfiřti</subfield>
    <subfield code="a">politici</subfield>
  </datafield>
  <datafield tag="375" ind1=" " ind2=" ">
    <subfield code="a">muž</subfield>
  </datafield>
  <datafield tag="377" ind1=" " ind2=" ">
    <subfield code="a">ger</subfield>
    <subfield code="a">lat</subfield>
  </datafield>
  <datafield tag="400" ind1="0" ind2=" ">
    <subfield code="a">Johann Philipp,</subfield>
    <subfield code="c">Mainz, Erzbischof,</subfield>
    <subfield code="d">1605-1673</subfield>
    <subfield code="0">o</subfield>
  </datafield>
  <datafield tag="400" ind1="0" ind2=" ">
    <subfield code="a">Johann Philipp,</subfield>
    <subfield code="c">Mainz, Kurfürst,</subfield>
    <subfield code="d">1605-1673</subfield>
    <subfield code="0">o</subfield>
  </datafield>
  <datafield tag="400" ind1="0" ind2=" ">
    <subfield code="a">Johann Philipp</subfield>
    <subfield code="b">I.,</subfield>
    <subfield code="c">Worms, Bischof,</subfield>
    <subfield code="d">1605-1673</subfield>
    <subfield code="0">o</subfield>
  </datafield>
  <datafield tag="400" ind1="0" ind2=" ">
    <subfield code="a">Johann Philipp,</subfield>
    <subfield code="c">Meintz, ErtzBischof,</subfield>
    <subfield code="d">1605-1673</subfield>
    <subfield code="0">o</subfield>
  </datafield>
  <datafield tag="400" ind1="0" ind2=" ">
    <subfield code="a">Johann Philippus,</subfield>
    <subfield code="c">Mainz, Erzbischof,</subfield>
    <subfield code="d">1605-1673</subfield>
    <subfield code="0">o</subfield>
  </datafield>
  <datafield tag="400" ind1="0" ind2=" ">
    <subfield code="a">Joannis Philippus,</subfield>
    <subfield code="c">Mainz, Erzbischof,</subfield>
    <subfield code="d">1605-1673</subfield>
    <subfield code="0">o</subfield>
  </datafield>
  <datafield tag="400" ind1="0" ind2=" ">
    <subfield code="a">Johannes Philippus,</subfield>
    <subfield code="c">Moguntia, Archiepiscopus,</subfield>
    <subfield code="d">1605-1673</subfield>
    <subfield code="0">o</subfield>
  </datafield>
  <datafield tag="400" ind1="0" ind2=" ">
    <subfield code="a">Johannes Philippus,</subfield>
    <subfield code="c">Archi-Episcopus Moguntinus,</subfield>
    <subfield code="d">1605-1673</subfield>
    <subfield code="0">o</subfield>
  </datafield>
  <datafield tag="400" ind1="0" ind2=" ">
    <subfield code="a">Joannes Philippus,</subfield>
    <subfield code="c">Moguntia, Archiepiscopus,</subfield>
    <subfield code="d">1605-1673</subfield>
    <subfield code="0">o</subfield>
  </datafield>
  <datafield tag="400" ind1="0" ind2=" ">
    <subfield code="a">Johann Philipp,</subfield>
    <subfield code="c">Erzbischof von Mainz,</subfield>
    <subfield code="d">1605-1673</subfield>
    <subfield code="0">o</subfield>
  </datafield>
  <datafield tag="400" ind1="0" ind2=" ">
    <subfield code="a">Johann Philipp,</subfield>
    <subfield code="c">Kurfürst von Mainz,</subfield>
    <subfield code="d">1605-1673</subfield>
    <subfield code="0">o</subfield>
  </datafield>
  <datafield tag="400" ind1="0" ind2=" ">
    <subfield code="a">Johann Philipp</subfield>
    <subfield code="b">I.,</subfield>
    <subfield code="c">Bischof von Worms,</subfield>
    <subfield code="d">1605-1673</subfield>
    <subfield code="0">o</subfield>
  </datafield>
  <datafield tag="400" ind1="1" ind2=" ">
    <subfield code="a">Schönborn, Johann Philipp von,</subfield>
    <subfield code="d">1605-1673</subfield>
    <subfield code="0">o</subfield>
  </datafield>
  <datafield tag="400" ind1="1" ind2=" ">
    <subfield code="a">Schoenborn, Johann Philipp von,</subfield>
    <subfield code="d">1605-1673</subfield>
    <subfield code="0">o</subfield>
  </datafield>
  <datafield tag="400" ind1="1" ind2=" ">
    <subfield code="a">Schönborn, Joannes Philippus a,</subfield>
    <subfield code="d">1605-1673</subfield>
    <subfield code="0">o</subfield>
  </datafield>
  <datafield tag="400" ind1="1" ind2=" ">
    <subfield code="a">Schönborn, Johann Philipp von,</subfield>
    <subfield code="c">Bischof,</subfield>
    <subfield code="d">1605-1673</subfield>
    <subfield code="0">o</subfield>
  </datafield>
  <datafield tag="667" ind1=" " ind2=" ">
    <subfield code="a">http://d-nb.info/gnd/118610066.</subfield>
  </datafield>
  <datafield tag="670" ind1=" " ind2=" ">
    <subfield code="a">P. GASPARIS SCHOTTI ... TECHNICA CURIOSA, SIVE MIRABILIA ARTI, LIBRIS II. COMPREHENSA; ... Herbipol: Sumptibus WOLFGANGI MAURITII ENDTERI, Excudebat JOBUS HERTZ Typographus Herbipol., 1687. [Dedikace]: AD EMINENTISSIMUM S. R. I. PRINCIPEM JOANNEM PHILIPPUM ELECTOR MOGUNT.</subfield>
    <subfield code="b">odkaz viz</subfield>
    <subfield code="u">http://mdz-nbn-resolving.de/urn:nbn:de:bvb:12-bsb11110924-8</subfield>
  </datafield>
  <datafield tag="670" ind1=" " ind2=" ">
    <subfield code="a">DNB, cit. 19. 10. 2020</subfield>
    <subfield code="b">autoritní forma, odkazy viz, datum narození a úmrtí, biografické a profesní údaje</subfield>
    <subfield code="u">http://d-nb.info/gnd/118610066</subfield>
  </datafield>
  <datafield tag="670" ind1=" " ind2=" ">
    <subfield code="a">www(Wikipedia, die freie Enzyklopädie), cit. 23. 10. 2020</subfield>
    <subfield code="b">místo narození a úmrtí, biografické a profesní údaje, pole 368</subfield>
    <subfield code="u">https://de.wikipedia.org/wiki/Johann_Philipp_von_Sch%C3%B6nborn</subfield>
  </datafield>
  <datafield tag="675" ind1=" " ind2=" ">
    <subfield code="a">Drška, Václav et al.: Encyklopedie osobností Evropy od starověku do současnosti. 1. vyd. Praha: Nakladatelský dům OP, 1993</subfield>
  </datafield>
  <datafield tag="678" ind1="0" ind2=" ">
    <subfield code="a">Německý šlechtic (pocházel z rodu „von Schönborn“) a katolický kněz. Od r. 1642 zastával úřad prvního biskupa v diecézi Würzburg. V r. 1747 se stal kurfiřtem a arcibiskupem v Mohuči. V r. 1663 byl také biskupem ve Wormsu. V knihách 17. století vystupoval i v roli dedikanta.</subfield>
  </datafield>
  <datafield tag="906" ind1=" " ind2=" ">
    <subfield code="a">za20201019</subfield>
    <subfield code="b">evbr</subfield>
  </datafield>
  <datafield tag="906" ind1=" " ind2=" ">
    <subfield code="a">ko20201019</subfield>
    <subfield code="b">evbr</subfield>
  </datafield>
  <datafield tag="906" ind1=" " ind2=" ">
    <subfield code="a">op20201023</subfield>
    <subfield code="b">lisi</subfield>
    <subfield code="c">Pole 368 - oprava datace, zdroj - aktualizace</subfield>
  </datafield>
</record>