

<record>
  <leader>     cz  a22     n  4500</leader>
  <controlfield tag="001">xx0252926</controlfield>
  <controlfield tag="003">CZ PrNK</controlfield>
  <controlfield tag="005">20201020140952.0</controlfield>
  <controlfield tag="008">201019|n|aznnnaabn           n a|a      </controlfield>
  <datafield tag="040" ind1=" " ind2=" ">
    <subfield code="a">ABE336</subfield>
    <subfield code="b">cze</subfield>
    <subfield code="d">ABA001</subfield>
    <subfield code="e">rda</subfield>
  </datafield>
  <datafield tag="046" ind1=" " ind2=" ">
    <subfield code="f">1819</subfield>
    <subfield code="g">1896</subfield>
  </datafield>
  <datafield tag="100" ind1="1" ind2=" ">
    <subfield code="a">Szécsen, Antal,</subfield>
    <subfield code="d">1819-1896</subfield>
    <subfield code="7">xx0252926</subfield>
  </datafield>
  <datafield tag="370" ind1=" " ind2=" ">
    <subfield code="a">Buda, Budapešť, Maďarsko</subfield>
    <subfield code="b">Bad Aussee, Rakousko</subfield>
    <subfield code="c">Maďarsko</subfield>
    <subfield code="c">Rakousko</subfield>
  </datafield>
  <datafield tag="372" ind1=" " ind2=" ">
    <subfield code="a">politika</subfield>
  </datafield>
  <datafield tag="374" ind1=" " ind2=" ">
    <subfield code="a">politici</subfield>
  </datafield>
  <datafield tag="375" ind1=" " ind2=" ">
    <subfield code="a">muž</subfield>
  </datafield>
  <datafield tag="377" ind1=" " ind2=" ">
    <subfield code="a">hun</subfield>
    <subfield code="a">ger</subfield>
  </datafield>
  <datafield tag="400" ind1="1" ind2=" ">
    <subfield code="a">Szécsen von Temerin, Antal,</subfield>
    <subfield code="d">1819-1896</subfield>
    <subfield code="0">o</subfield>
  </datafield>
  <datafield tag="400" ind1="1" ind2=" ">
    <subfield code="a">Temerin, Antal Szécsen von,</subfield>
    <subfield code="d">1819-1896</subfield>
    <subfield code="0">o</subfield>
  </datafield>
  <datafield tag="400" ind1="1" ind2=" ">
    <subfield code="a">Szécsen von Temeren, Anton,</subfield>
    <subfield code="d">1819-1896</subfield>
    <subfield code="0">o</subfield>
  </datafield>
  <datafield tag="400" ind1="1" ind2=" ">
    <subfield code="a">Szécsen, Anton,</subfield>
    <subfield code="d">1819-1896</subfield>
    <subfield code="0">o</subfield>
  </datafield>
  <datafield tag="670" ind1=" " ind2=" ">
    <subfield code="a">Szécsen, Antal: Acht Essays, 1879</subfield>
  </datafield>
  <datafield tag="670" ind1=" " ind2=" ">
    <subfield code="a">OSZK, cit. 19. 10. 2020</subfield>
    <subfield code="b">autoritní forma, rok narození a úmrtí</subfield>
  </datafield>
  <datafield tag="670" ind1=" " ind2=" ">
    <subfield code="a">www(Wikipedia, a szabad enciklopédiából), cit. 19. 10. 2020</subfield>
    <subfield code="b">biografické údaje</subfield>
    <subfield code="u">https://hu.wikipedia.org/wiki/Sz%C3%A9csen_Antal</subfield>
  </datafield>
  <datafield tag="670" ind1=" " ind2=" ">
    <subfield code="a">www(Österreichisches Biographisches Lexikon), cit. 19. 10. 2020</subfield>
    <subfield code="b">biografické údaje</subfield>
    <subfield code="u">http://www.biographien.ac.at/oebl/oebl_S/Szecsen-Temerin_Antal_1819_1896.xml</subfield>
  </datafield>
  <datafield tag="678" ind1="0" ind2=" ">
    <subfield code="a">Maďarský polititik.</subfield>
  </datafield>
  <datafield tag="906" ind1=" " ind2=" ">
    <subfield code="a">za20201019</subfield>
    <subfield code="b">xevst</subfield>
  </datafield>
  <datafield tag="906" ind1=" " ind2=" ">
    <subfield code="a">op20201020</subfield>
    <subfield code="b">adpi</subfield>
    <subfield code="c">Související místo - formální oprava</subfield>
  </datafield>
</record>