

<record>
  <leader>     nz  a22     n  4500</leader>
  <datafield tag="900" ind1=" " ind2=" ">
    <subfield code="a">J-NÁVRH-STT</subfield>
  </datafield>
  <controlfield tag="001">ntk20201089546</controlfield>
  <controlfield tag="003">CZ PrNK</controlfield>
  <controlfield tag="005">20201019111252.0</controlfield>
  <controlfield tag="008">201019|n|aznnnaabn           n a|a      </controlfield>
  <datafield tag="040" ind1=" " ind2=" ">
    <subfield code="a">ABA013</subfield>
    <subfield code="b">cze</subfield>
    <subfield code="e">rda</subfield>
  </datafield>
  <datafield tag="046" ind1=" " ind2=" ">
    <subfield code="s">1740</subfield>
    <subfield code="t">1750</subfield>
  </datafield>
  <datafield tag="100" ind1="1" ind2=" ">
    <subfield code="a">Agnelli, Francesco,</subfield>
    <subfield code="d">činný 1740-1750</subfield>
    <subfield code="7">ntk20201089546</subfield>
  </datafield>
  <datafield tag="370" ind1=" " ind2=" ">
    <subfield code="c">Itálie</subfield>
  </datafield>
  <datafield tag="370" ind1=" " ind2=" ">
    <subfield code="f">Milán, Itálie</subfield>
    <subfield code="s">1740</subfield>
    <subfield code="t">1750</subfield>
  </datafield>
  <datafield tag="372" ind1=" " ind2=" ">
    <subfield code="a">knihtisk</subfield>
    <subfield code="a">vydavatelská činnost</subfield>
    <subfield code="a">knižní kultura</subfield>
  </datafield>
  <datafield tag="374" ind1=" " ind2=" ">
    <subfield code="a">tiskaři</subfield>
    <subfield code="a">nakladatelé a vydavatelé</subfield>
    <subfield code="a">sochaři</subfield>
  </datafield>
  <datafield tag="375" ind1=" " ind2=" ">
    <subfield code="a">muž</subfield>
  </datafield>
  <datafield tag="377" ind1=" " ind2=" ">
    <subfield code="a">lat</subfield>
    <subfield code="a">ita</subfield>
  </datafield>
  <datafield tag="400" ind1="1" ind2=" ">
    <subfield code="a">Agnelli, Franciscus,</subfield>
    <subfield code="d">činný 1740-1750</subfield>
    <subfield code="0">o</subfield>
  </datafield>
  <datafield tag="400" ind1="1" ind2=" ">
    <subfield code="a">Agnellus, Franciscus,</subfield>
    <subfield code="d">činný 1740-1750</subfield>
    <subfield code="0">o</subfield>
  </datafield>
  <datafield tag="667" ind1=" " ind2=" ">
    <subfield code="a">Autoritní záznam DNB „Agnelli, Francesco“, 1665-1739 (http://d-nb.info/gnd/113663701) by částečně mohl odpovídat rejstříkové autoritě italské agentury ICCU, liší se ale podstatně tím, že uvádí životní data, která jsou v rozporu s časovým rozpětím 1740-1750 reprezentujícím data vydání 10 starých knih tištěných popisovanou osobou, jejichž záznamy jsou v ICCU a BNCF uloženy.</subfield>
  </datafield>
  <datafield tag="670" ind1=" " ind2=" ">
    <subfield code="a">ANDREÆ TACQUET E SOCIETATE JESU GEOMETRIA PRACTICA TRIBUS LIBRIS COMPREHENSA. MEDIOLANI: excudit FRANCISCUS AGNELLI, 1741</subfield>
    <subfield code="b">odkaz viz</subfield>
    <subfield code="u">https://catalog.hathitrust.org/Record/000169159</subfield>
  </datafield>
  <datafield tag="670" ind1=" " ind2=" ">
    <subfield code="a">ICCU, cit. 19. 10. 2020</subfield>
    <subfield code="b">autoritní forma (rejstříkové záhlaví, IT\ICCU\UFIV\123949), data činnosti, pole 377</subfield>
    <subfield code="u">http://id.sbn.it/bid/RAVE035886</subfield>
  </datafield>
  <datafield tag="670" ind1=" " ind2=" ">
    <subfield code="a">BNCF, cit. 19. 10. 2020</subfield>
    <subfield code="b">autoritní forma (rejstříkové záhlaví, UFIV123949), data činnosti</subfield>
  </datafield>
  <datafield tag="678" ind1="0" ind2=" ">
    <subfield code="a">Italský tiskař a nakladatel, působící v letech 1740-1750 v Miláně (Itálie). Podle údajů impresa některých starých knih byl tiskař také sochařem („Francesco Agnelli Scultore, e Stampatore“, 1740).</subfield>
  </datafield>
  <datafield tag="906" ind1=" " ind2=" ">
    <subfield code="a">za20201019</subfield>
    <subfield code="b">evbr</subfield>
  </datafield>
  <datafield tag="906" ind1=" " ind2=" ">
    <subfield code="a">ko20201019</subfield>
    <subfield code="b">evbr</subfield>
  </datafield>
</record>