

<record>
  <leader>     nz  a22     n  4500</leader>
  <controlfield tag="001">jo20201089551</controlfield>
  <controlfield tag="003">CZ PrNK</controlfield>
  <controlfield tag="005">20201019112419.0</controlfield>
  <controlfield tag="008">201019|n|aznnnaabn           n a|a      </controlfield>
  <datafield tag="040" ind1=" " ind2=" ">
    <subfield code="a">ABA001</subfield>
    <subfield code="b">cze</subfield>
    <subfield code="e">rda</subfield>
  </datafield>
  <datafield tag="046" ind1=" " ind2=" ">
    <subfield code="f">1930</subfield>
    <subfield code="g">1995</subfield>
  </datafield>
  <datafield tag="100" ind1="1" ind2=" ">
    <subfield code="a">Iyer, Raghavan,</subfield>
    <subfield code="d">1930-1995</subfield>
    <subfield code="7">jo20201089551</subfield>
  </datafield>
  <datafield tag="370" ind1=" " ind2=" ">
    <subfield code="a">Madrás, Indie</subfield>
    <subfield code="c">Indie</subfield>
    <subfield code="c">Spojené státy americké</subfield>
  </datafield>
  <datafield tag="372" ind1=" " ind2=" ">
    <subfield code="a">filozofie</subfield>
    <subfield code="a">politická filozofie</subfield>
  </datafield>
  <datafield tag="373" ind1=" " ind2=" ">
    <subfield code="a">University of California, Santa Barbara</subfield>
  </datafield>
  <datafield tag="374" ind1=" " ind2=" ">
    <subfield code="a">filozofové</subfield>
    <subfield code="a">vysokoškolští učitelé</subfield>
  </datafield>
  <datafield tag="375" ind1=" " ind2=" ">
    <subfield code="a">muž</subfield>
  </datafield>
  <datafield tag="377" ind1=" " ind2=" ">
    <subfield code="a">eng</subfield>
  </datafield>
  <datafield tag="400" ind1="1" ind2=" ">
    <subfield code="a">Narasimhan Iyer, Raghavan,</subfield>
    <subfield code="d">1930-1995</subfield>
    <subfield code="0">o</subfield>
  </datafield>
  <datafield tag="400" ind1="0" ind2=" ">
    <subfield code="a">Raghavan Iyer,</subfield>
    <subfield code="d">1930-1995</subfield>
    <subfield code="0">o</subfield>
  </datafield>
  <datafield tag="400" ind1="0" ind2=" ">
    <subfield code="a">Raghavan Narasimhan Iyer,</subfield>
    <subfield code="d">1930-1995</subfield>
    <subfield code="0">o</subfield>
  </datafield>
  <datafield tag="400" ind1="1" ind2=" ">
    <subfield code="a">Iyer, Raghavan N.</subfield>
    <subfield code="q">(Raghavan Narasimhan),</subfield>
    <subfield code="d">1930-1995</subfield>
    <subfield code="0">o</subfield>
  </datafield>
  <datafield tag="400" ind1="1" ind2=" ">
    <subfield code="a">Iyer, Raghavan Narasimhan,</subfield>
    <subfield code="d">1930-1995</subfield>
    <subfield code="0">o</subfield>
  </datafield>
  <datafield tag="670" ind1=" " ind2=" ">
    <subfield code="a">Iyer, Raghavan Narasimhan: The Gupta Vidya.Volume I,God, nature and man, 2020</subfield>
  </datafield>
  <datafield tag="670" ind1=" " ind2=" ">
    <subfield code="a">www(Wikipedia, the free encyclopedia), cit. 19. 10. 2020</subfield>
    <subfield code="b">biografické údaje</subfield>
  </datafield>
  <datafield tag="670" ind1=" " ind2=" ">
    <subfield code="a">LC (Names), cit. 19. 10. 2020</subfield>
    <subfield code="b">autoritní forma, data, odkazy viz</subfield>
    <subfield code="u">https://en.wikipedia.org/wiki/Raghavan_N._Iyer</subfield>
  </datafield>
  <datafield tag="678" ind1="0" ind2=" ">
    <subfield code="a">Indický filosof a vysokoškolský pedagog zaměřený na oblast politické filosofie.</subfield>
  </datafield>
  <datafield tag="906" ind1=" " ind2=" ">
    <subfield code="a">br20201019</subfield>
    <subfield code="b">tone</subfield>
  </datafield>
</record>