

<record>
  <leader>     nz  a22     n  4500</leader>
  <datafield tag="900" ind1=" " ind2=" ">
    <subfield code="a">J-NÁVRH-STT</subfield>
  </datafield>
  <controlfield tag="001">ntk20201089561</controlfield>
  <controlfield tag="003">CZ PrNK</controlfield>
  <controlfield tag="005">20201019114221.0</controlfield>
  <controlfield tag="008">201019|n|aznnnaabn           n a|a      </controlfield>
  <datafield tag="024" ind1="7" ind2=" ">
    <subfield code="a">0000000359363095</subfield>
    <subfield code="2">isni</subfield>
  </datafield>
  <datafield tag="024" ind1="7" ind2=" ">
    <subfield code="a">0000000421222454</subfield>
    <subfield code="2">isni</subfield>
  </datafield>
  <datafield tag="040" ind1=" " ind2=" ">
    <subfield code="a">ABA013</subfield>
    <subfield code="b">cze</subfield>
    <subfield code="e">rda</subfield>
  </datafield>
  <datafield tag="046" ind1=" " ind2=" ">
    <subfield code="s">1710</subfield>
    <subfield code="t">1766</subfield>
  </datafield>
  <datafield tag="100" ind1="1" ind2=" ">
    <subfield code="a">Viezzeri, Bonifacio,</subfield>
    <subfield code="d">činný 1710-1766</subfield>
    <subfield code="7">ntk20201089561</subfield>
  </datafield>
  <datafield tag="370" ind1=" " ind2=" ">
    <subfield code="c">Itálie</subfield>
  </datafield>
  <datafield tag="370" ind1=" " ind2=" ">
    <subfield code="f">Benátky, Itálie</subfield>
    <subfield code="s">1710</subfield>
    <subfield code="t">1766</subfield>
  </datafield>
  <datafield tag="372" ind1=" " ind2=" ">
    <subfield code="a">tiskařství</subfield>
    <subfield code="a">knihtisk</subfield>
    <subfield code="a">typografie</subfield>
    <subfield code="a">knižní kultura</subfield>
  </datafield>
  <datafield tag="374" ind1=" " ind2=" ">
    <subfield code="a">tiskaři</subfield>
    <subfield code="a">knihtiskaři</subfield>
    <subfield code="a">typografové</subfield>
  </datafield>
  <datafield tag="375" ind1=" " ind2=" ">
    <subfield code="a">muž</subfield>
  </datafield>
  <datafield tag="377" ind1=" " ind2=" ">
    <subfield code="a">lat</subfield>
    <subfield code="a">ita</subfield>
  </datafield>
  <datafield tag="400" ind1="1" ind2=" ">
    <subfield code="a">Viezzeri, Bonifazio,</subfield>
    <subfield code="d">činný 1710-1766</subfield>
    <subfield code="0">o</subfield>
  </datafield>
  <datafield tag="400" ind1="1" ind2=" ">
    <subfield code="a">Viezzeri, Bonifatius,</subfield>
    <subfield code="b">činný 1710-1766</subfield>
    <subfield code="0">o</subfield>
  </datafield>
  <datafield tag="667" ind1=" " ind2=" ">
    <subfield code="a">http://d-nb.info/gnd/1037509552.</subfield>
  </datafield>
  <datafield tag="667" ind1=" " ind2=" ">
    <subfield code="a">Data o činnosti stanovena podle dat o vydání publikací vytištěných popisovanou osobou, které jsou uvedeny v katalozích ICCU a BNCF dohromady.</subfield>
  </datafield>
  <datafield tag="667" ind1=" " ind2=" ">
    <subfield code="a">Popisovaná osoba má přiděleny omylem dva identifikátory ISNI (jen je vázáný na katalánskou agenturu, druhý na francouzský ABES).</subfield>
  </datafield>
  <datafield tag="670" ind1=" " ind2=" ">
    <subfield code="a">ANDREÆ TACQUET ... ARITHMETICÆ THEORIA, ET PRAXIS: EDITIO NOVISSIMA, ... VENETIIS : ex typographia Bonifatii Viezzeri, 1740</subfield>
    <subfield code="b">odkaz viz</subfield>
    <subfield code="u">http://books.google.com/books?vid=IBSC:SC000009590</subfield>
  </datafield>
  <datafield tag="670" ind1=" " ind2=" ">
    <subfield code="a">ICCU, cit. 19. 10. 2020</subfield>
    <subfield code="b">autoritní forma (rejstříkové záhlaví, IT\ICCU\RAVV\105771), data činnosti, pole 377</subfield>
    <subfield code="u">http://id.sbn.it/bid/RMSE064853</subfield>
  </datafield>
  <datafield tag="670" ind1=" " ind2=" ">
    <subfield code="a">BNCF, cit. 19. 10. 2020</subfield>
    <subfield code="b">autoritní forma (rejstříkové záhlaví, RAVV105771), data činnosti</subfield>
  </datafield>
  <datafield tag="670" ind1=" " ind2=" ">
    <subfield code="a">DNB, cit. 19. 10. 2020</subfield>
    <subfield code="b">biografické údaje</subfield>
    <subfield code="u">http://d-nb.info/gnd/1037509552</subfield>
  </datafield>
  <datafield tag="670" ind1=" " ind2=" ">
    <subfield code="a">ABES, cit. 19. 10. 2020</subfield>
    <subfield code="b">biografické údaje, pole 375</subfield>
    <subfield code="u">https://www.idref.fr/150106947</subfield>
  </datafield>
  <datafield tag="678" ind1="0" ind2=" ">
    <subfield code="a">Italský tiskař a typograf, působící v letech 1710-1766 v Benátkách (Itálie).</subfield>
  </datafield>
  <datafield tag="906" ind1=" " ind2=" ">
    <subfield code="a">za20201019</subfield>
    <subfield code="b">evbr</subfield>
  </datafield>
  <datafield tag="906" ind1=" " ind2=" ">
    <subfield code="a">ko20201019</subfield>
    <subfield code="b">evbr</subfield>
  </datafield>
</record>