

<record>
  <leader>     nz  a22     n  4500</leader>
  <controlfield tag="001">ko20201089572</controlfield>
  <controlfield tag="003">CZ PrNK</controlfield>
  <controlfield tag="005">20201019123425.0</controlfield>
  <controlfield tag="008">201019|n|aznnnaabn           n a|a      </controlfield>
  <datafield tag="040" ind1=" " ind2=" ">
    <subfield code="a">ABA001</subfield>
    <subfield code="b">cze</subfield>
    <subfield code="e">rda</subfield>
  </datafield>
  <datafield tag="111" ind1="2" ind2=" ">
    <subfield code="a">Celostátní hospodářská konference národohospodářských sborů krajových</subfield>
    <subfield code="n">(1. :</subfield>
    <subfield code="d">1935 :</subfield>
    <subfield code="c">Praha, Česko)</subfield>
    <subfield code="7">ko20201089572</subfield>
  </datafield>
  <datafield tag="368" ind1=" " ind2=" ">
    <subfield code="a">konference</subfield>
  </datafield>
  <datafield tag="370" ind1=" " ind2=" ">
    <subfield code="c">Česko</subfield>
    <subfield code="e">Praha, Česko</subfield>
  </datafield>
  <datafield tag="372" ind1=" " ind2=" ">
    <subfield code="a">národní hospodářství</subfield>
  </datafield>
  <datafield tag="377" ind1=" " ind2=" ">
    <subfield code="a">cze</subfield>
  </datafield>
  <datafield tag="411" ind1="2" ind2=" ">
    <subfield code="a">Celostátní národohospodářská konference národohospodářských sborů krajových</subfield>
    <subfield code="n">(1. :</subfield>
    <subfield code="d">1935 :</subfield>
    <subfield code="c">Praha, Česko)</subfield>
    <subfield code="0">o</subfield>
  </datafield>
  <datafield tag="411" ind1="2" ind2=" ">
    <subfield code="a">Celostátní konference národohospodářských krajových sborů</subfield>
    <subfield code="n">(1. :</subfield>
    <subfield code="d">1935 :</subfield>
    <subfield code="c">Praha, Česko)</subfield>
    <subfield code="0">o</subfield>
  </datafield>
  <datafield tag="670" ind1=" " ind2=" ">
    <subfield code="a">Národní silnice Plzeň-Košice - páteř republiky, spojení západu s východem /hlavní pořadatel: Československé regionalistické ústředí</subfield>
  </datafield>
  <datafield tag="670" ind1=" " ind2=" ">
    <subfield code="a">www(Lenderová, M. - Jiránek, T.: Vývoj českého regionalismu v období mezi světovými válkami), cit. 19. 10. 2020</subfield>
    <subfield code="b">pořadí konference</subfield>
  </datafield>
  <datafield tag="906" ind1=" " ind2=" ">
    <subfield code="a">br20201019</subfield>
    <subfield code="b">svsv</subfield>
  </datafield>
</record>