

<record>
  <leader>     nz  a22     n  4500</leader>
  <controlfield tag="001">xx0252937</controlfield>
  <controlfield tag="003">CZ PrNK</controlfield>
  <controlfield tag="005">20201020062308.0</controlfield>
  <controlfield tag="008">201019|n|aznnnaabn           n a|a      </controlfield>
  <datafield tag="040" ind1=" " ind2=" ">
    <subfield code="a">ABA008</subfield>
    <subfield code="b">cze</subfield>
    <subfield code="d">ABA001</subfield>
    <subfield code="e">rda</subfield>
  </datafield>
  <datafield tag="100" ind1="1" ind2=" ">
    <subfield code="a">Dančík, Alexander</subfield>
    <subfield code="7">xx0252937</subfield>
  </datafield>
  <datafield tag="368" ind1=" " ind2=" ">
    <subfield code="d">MUDr.</subfield>
  </datafield>
  <datafield tag="370" ind1=" " ind2=" ">
    <subfield code="c">Slovensko</subfield>
  </datafield>
  <datafield tag="372" ind1=" " ind2=" ">
    <subfield code="a">lékařství</subfield>
    <subfield code="a">chirurgie</subfield>
  </datafield>
  <datafield tag="374" ind1=" " ind2=" ">
    <subfield code="a">chirurgové</subfield>
  </datafield>
  <datafield tag="375" ind1=" " ind2=" ">
    <subfield code="a">muž</subfield>
  </datafield>
  <datafield tag="377" ind1=" " ind2=" ">
    <subfield code="a">slo</subfield>
  </datafield>
  <datafield tag="670" ind1=" " ind2=" ">
    <subfield code="a">Dančík, Alexander: Mimopľucne tuberkulózy. Kostná tuberkulóza. Tuberkulóza ve faktech i obrazech, 2019, s. 148-156.</subfield>
    <subfield code="b">autoritní forma, titul,</subfield>
  </datafield>
  <datafield tag="670" ind1=" " ind2=" ">
    <subfield code="a">www(Mimopľúcna TBC - Vyšné Hágy), cit. 19. 10. 2020</subfield>
    <subfield code="b">pracoviště</subfield>
  </datafield>
  <datafield tag="675" ind1=" " ind2=" ">
    <subfield code="a">SNK, cit. 19. 10. 2020;</subfield>
    <subfield code="a">SKK SR, cit. 19. 10. 2020</subfield>
  </datafield>
  <datafield tag="678" ind1="0" ind2=" ">
    <subfield code="a">MUDr., slovenský chirurg (Oddelenie mimopľúcnej TBC, chirurgie, urológie a gynekológie, Národný ústav tuberkulózy, pľúcnych chorôb a hrudníkovej chirurgie Vyšné Hágy, Slovensko).</subfield>
  </datafield>
  <datafield tag="906" ind1=" " ind2=" ">
    <subfield code="a">za20201019</subfield>
    <subfield code="b">xleka</subfield>
  </datafield>
  <datafield tag="906" ind1=" " ind2=" ">
    <subfield code="a">fr20201020</subfield>
    <subfield code="b">lisi</subfield>
  </datafield>
</record>