

<record>
  <leader>     cz  a22     n  4500</leader>
  <controlfield tag="001">ko20201089593</controlfield>
  <controlfield tag="003">CZ PrNK</controlfield>
  <controlfield tag="005">20201020112402.0</controlfield>
  <controlfield tag="008">201019|n|aznnnaabn           n a|a      </controlfield>
  <datafield tag="040" ind1=" " ind2=" ">
    <subfield code="a">ABA001</subfield>
    <subfield code="b">cze</subfield>
    <subfield code="d">ABA001</subfield>
    <subfield code="e">rda</subfield>
  </datafield>
  <datafield tag="110" ind1="2" ind2=" ">
    <subfield code="a">Odborový svaz zaměstnanců justiční a právní služby</subfield>
    <subfield code="7">ko20201089593</subfield>
  </datafield>
  <datafield tag="368" ind1=" " ind2=" ">
    <subfield code="a">odborové svazy</subfield>
  </datafield>
  <datafield tag="370" ind1=" " ind2=" ">
    <subfield code="c">Česko</subfield>
    <subfield code="e">Praha, Česko</subfield>
    <subfield code="f">Českoslovesko</subfield>
  </datafield>
  <datafield tag="372" ind1=" " ind2=" ">
    <subfield code="a">odbory</subfield>
    <subfield code="a">soudnictví</subfield>
    <subfield code="a">právnické profese</subfield>
    <subfield code="a">zaměstnanci</subfield>
  </datafield>
  <datafield tag="377" ind1=" " ind2=" ">
    <subfield code="a">cze</subfield>
  </datafield>
  <datafield tag="670" ind1=" " ind2=" ">
    <subfield code="a">Zpráva ke II. celostátní konferenci svazu ROH</subfield>
  </datafield>
  <datafield tag="670" ind1=" " ind2=" ">
    <subfield code="a">www(Badatelna.eu - Všeodborový archiv Českomoravské konfederace odborových svazů - Revoluční odborové hnutí - Odborový svaz pracovníků justiční a právní služby), cit. 20. 10. 2020</subfield>
    <subfield code="u">http://badatelna.eu/instituce/Vseodborovy_archiv_Ceskomoravske_konfederace_odborovych_svazu/fondy/?s=8</subfield>
  </datafield>
  <datafield tag="906" ind1=" " ind2=" ">
    <subfield code="a">za20201019</subfield>
    <subfield code="b">vemo</subfield>
  </datafield>
  <datafield tag="906" ind1=" " ind2=" ">
    <subfield code="a">op20201020</subfield>
    <subfield code="b">svsv</subfield>
    <subfield code="c">URL - oprava; Zdroj - oprava; Další info - nově; Související místo - nově; Oblast působení - nově; Jazyk - nově</subfield>
  </datafield>
</record>