

<record>
  <leader>     nz  a22     n  4500</leader>
  <datafield tag="900" ind1=" " ind2=" ">
    <subfield code="a">*K-NÁVRH</subfield>
  </datafield>
  <controlfield tag="001">olak20201089625</controlfield>
  <controlfield tag="003">CZ PrNK</controlfield>
  <controlfield tag="005">20201019143140.0</controlfield>
  <controlfield tag="008">201019|n|aznnnaabn           n a|a      </controlfield>
  <datafield tag="040" ind1=" " ind2=" ">
    <subfield code="a">OLA001</subfield>
    <subfield code="b">cze</subfield>
    <subfield code="e">rda</subfield>
  </datafield>
  <datafield tag="111" ind1="2" ind2=" ">
    <subfield code="a">International Workshop on Topological Structures in Ferroic Materials</subfield>
    <subfield code="d">(2019 :</subfield>
    <subfield code="c">Praha, Česko)</subfield>
    <subfield code="7">olak20201089625</subfield>
  </datafield>
  <datafield tag="368" ind1=" " ind2=" ">
    <subfield code="a">workshopy</subfield>
  </datafield>
  <datafield tag="370" ind1=" " ind2=" ">
    <subfield code="c">Česko</subfield>
    <subfield code="e">Praha, Česko</subfield>
  </datafield>
  <datafield tag="372" ind1=" " ind2=" ">
    <subfield code="a">topologie</subfield>
    <subfield code="a">feroelektrické materiály</subfield>
  </datafield>
  <datafield tag="377" ind1=" " ind2=" ">
    <subfield code="a">eng</subfield>
  </datafield>
  <datafield tag="411" ind1="2" ind2=" ">
    <subfield code="a">Topological Structures in Ferroic Materials (workshop)</subfield>
    <subfield code="d">(2019 :</subfield>
    <subfield code="c">Praha, Česko)</subfield>
    <subfield code="0">o</subfield>
  </datafield>
  <datafield tag="411" ind1="2" ind2=" ">
    <subfield code="a">TOPO</subfield>
    <subfield code="d">(2019 :</subfield>
    <subfield code="c">Praha, Česko)</subfield>
    <subfield code="0">o</subfield>
  </datafield>
  <datafield tag="670" ind1=" " ind2=" ">
    <subfield code="a">International Workshop on Topological Structures in Ferroic Materials : abstracts of the papers presented at the International Workshop on Topological Structures in Ferroic Materials (TOPO 2019), [2019]</subfield>
    <subfield code="b">autoritní forma, odkaz viz, poznámky</subfield>
  </datafield>
  <datafield tag="670" ind1=" " ind2=" ">
    <subfield code="a">www(Fyzikální ústav Akademie věd ČR, International Workshop on Topological Structures in Ferroic Materials), cit. 19. 10. 2020</subfield>
    <subfield code="b">autoritní forma, odkaz viz, poznámky</subfield>
  </datafield>
  <datafield tag="906" ind1=" " ind2=" ">
    <subfield code="a">ko20201019</subfield>
    <subfield code="b">vepo</subfield>
  </datafield>
</record>