

<record>
  <leader>     cz  a22     n  4500</leader>
  <controlfield tag="001">ko20201089626</controlfield>
  <controlfield tag="003">CZ PrNK</controlfield>
  <controlfield tag="005">20201020112913.0</controlfield>
  <controlfield tag="008">201019|n|aznnnaabn           n a|a      </controlfield>
  <datafield tag="040" ind1=" " ind2=" ">
    <subfield code="a">ABA001</subfield>
    <subfield code="b">cze</subfield>
    <subfield code="d">ABA001</subfield>
    <subfield code="e">rda</subfield>
  </datafield>
  <datafield tag="110" ind1="2" ind2=" ">
    <subfield code="a">Kaple sv. Jana Nepomuckého (Sloup v Čechách, Česko)</subfield>
    <subfield code="7">ko20201089626</subfield>
  </datafield>
  <datafield tag="368" ind1=" " ind2=" ">
    <subfield code="a">kaple</subfield>
  </datafield>
  <datafield tag="370" ind1=" " ind2=" ">
    <subfield code="c">Česko</subfield>
    <subfield code="e">Sloup v Čechách, Česko</subfield>
  </datafield>
  <datafield tag="410" ind1="2" ind2=" ">
    <subfield code="a">Kaple svatého Jana Nepomuckého ve Sloupu v Čechách</subfield>
    <subfield code="0">o</subfield>
  </datafield>
  <datafield tag="410" ind1="2" ind2=" ">
    <subfield code="a">Zámecká a pohřební kaple sv. Jana Nepomuckého ve Sloupu v Čechách</subfield>
    <subfield code="0">o</subfield>
  </datafield>
  <datafield tag="410" ind1="2" ind2=" ">
    <subfield code="a">Pohřební kaple sv. Jana Nepomuckého ve Sloupu v Čechách</subfield>
    <subfield code="0">o</subfield>
  </datafield>
  <datafield tag="410" ind1="2" ind2=" ">
    <subfield code="a">Zámecká kaple sv. Jana Nepomuckého ve Sloupu v Čechách</subfield>
    <subfield code="0">o</subfield>
  </datafield>
  <datafield tag="670" ind1=" " ind2=" ">
    <subfield code="a">Zeman, Václav - Kolka, Miroslav - Peřina, Ivan: Zámecká a pohřební kaple sv. Jana Nepomuckého ve Sloupu v Čechách : 1738-2018</subfield>
  </datafield>
  <datafield tag="670" ind1=" " ind2=" ">
    <subfield code="a">www(Wikipedie, otevřená encyklopedie), cit. 20. 10. 2020</subfield>
    <subfield code="u">https://cs.wikipedia.org/wiki/Kaple_svat%C3%A9ho_Jana_Nepomuck%C3%A9ho_(Sloup_v_%C4%8Cech%C3%A1ch)</subfield>
  </datafield>
  <datafield tag="906" ind1=" " ind2=" ">
    <subfield code="a">za20201019</subfield>
    <subfield code="b">kvfu</subfield>
  </datafield>
  <datafield tag="906" ind1=" " ind2=" ">
    <subfield code="a">op20201020</subfield>
    <subfield code="b">svsv</subfield>
    <subfield code="c">Další info - nově; Související místo - nově; Viz - nově; URL - nově; Zdroj - další výskyt</subfield>
  </datafield>
</record>