

<record>
  <leader>     nz  a22     n  4500</leader>
  <controlfield tag="001">kon20201089629</controlfield>
  <controlfield tag="003">CZ PrNK</controlfield>
  <controlfield tag="005">20201019145412.0</controlfield>
  <controlfield tag="008">201019|n|aznnnaabn           n a|a      </controlfield>
  <datafield tag="040" ind1=" " ind2=" ">
    <subfield code="a">ABA001</subfield>
    <subfield code="b">cze</subfield>
    <subfield code="e">rda</subfield>
  </datafield>
  <datafield tag="110" ind1="2" ind2=" ">
    <subfield code="a">Spolek pražských sklepníků a markérů.</subfield>
    <subfield code="t">Výroční zpráva (Spolek pražských sklepníků a markérů).</subfield>
    <subfield code="l">Německy</subfield>
    <subfield code="7">kon20201089629</subfield>
  </datafield>
  <datafield tag="410" ind1="2" ind2=" ">
    <subfield code="a">Spolek pražských sklepníků a markérů.</subfield>
    <subfield code="t">Rechenschaftsbericht des Prager Kellner- &amp; Marqueur Vereines</subfield>
    <subfield code="0">o</subfield>
  </datafield>
  <datafield tag="670" ind1=" " ind2=" ">
    <subfield code="a">Výroční zpráva a účetní závěrka Spolku pražských sklepníků a markérů = Rechenschaftsbericht des Prager Kellner- &amp; Marqueur Vereines. V Praze : nákladem spolku, [1848-1880?]</subfield>
  </datafield>
  <datafield tag="906" ind1=" " ind2=" ">
    <subfield code="a">br20201019</subfield>
    <subfield code="b">juri</subfield>
  </datafield>
  <datafield tag="906" ind1=" " ind2=" ">
    <subfield code="a">ks20201019</subfield>
    <subfield code="b">juri</subfield>
  </datafield>
</record>