

<record>
  <leader>     cz  a22     n  4500</leader>
  <controlfield tag="001">xx0252959</controlfield>
  <controlfield tag="003">CZ PrNK</controlfield>
  <controlfield tag="005">20201019201304.0</controlfield>
  <controlfield tag="008">201019|n|aznnnaabn           n a|a      </controlfield>
  <datafield tag="040" ind1=" " ind2=" ">
    <subfield code="a">BOG001</subfield>
    <subfield code="b">cze</subfield>
    <subfield code="d">ABA001</subfield>
    <subfield code="e">rda</subfield>
  </datafield>
  <datafield tag="046" ind1=" " ind2=" ">
    <subfield code="f">1938</subfield>
  </datafield>
  <datafield tag="100" ind1="1" ind2=" ">
    <subfield code="a">Cohen, Jack S.</subfield>
    <subfield code="q">(Jack Sidney),</subfield>
    <subfield code="d">1938-</subfield>
    <subfield code="7">xx0252959</subfield>
  </datafield>
  <datafield tag="MOR" ind1="0" ind2=" ">
    <subfield code="a">Cohen, Jack,</subfield>
    <subfield code="d">1938-</subfield>
    <subfield code="7">xx0252959</subfield>
  </datafield>
  <datafield tag="368" ind1=" " ind2=" ">
    <subfield code="d">PhD</subfield>
  </datafield>
  <datafield tag="370" ind1=" " ind2=" ">
    <subfield code="a">Londýn, Anglie</subfield>
    <subfield code="c">Velká Británie</subfield>
    <subfield code="c">Spojené státy americké</subfield>
    <subfield code="c">Izrael</subfield>
  </datafield>
  <datafield tag="372" ind1=" " ind2=" ">
    <subfield code="a">biochemie</subfield>
    <subfield code="a">farmakologie</subfield>
    <subfield code="a">malba</subfield>
    <subfield code="a">Alzheimerova choroba</subfield>
    <subfield code="a">židovství</subfield>
    <subfield code="a">sionismus</subfield>
    <subfield code="a">antisemitismus</subfield>
    <subfield code="a">křesťanství</subfield>
  </datafield>
  <datafield tag="374" ind1=" " ind2=" ">
    <subfield code="a">biochemici</subfield>
    <subfield code="a">chemici</subfield>
    <subfield code="a">spisovatelé</subfield>
    <subfield code="a">výtvarní umělci</subfield>
    <subfield code="a">malíři</subfield>
  </datafield>
  <datafield tag="375" ind1=" " ind2=" ">
    <subfield code="a">muž</subfield>
  </datafield>
  <datafield tag="377" ind1=" " ind2=" ">
    <subfield code="a">eng</subfield>
  </datafield>
  <datafield tag="400" ind1="1" ind2=" ">
    <subfield code="a">Cohen, Jack,</subfield>
    <subfield code="d">1938-</subfield>
    <subfield code="0">o</subfield>
  </datafield>
  <datafield tag="400" ind1="1" ind2=" ">
    <subfield code="a">Cohen, Jack Sidney,</subfield>
    <subfield code="d">1938-</subfield>
    <subfield code="0">o</subfield>
  </datafield>
  <datafield tag="667" ind1=" " ind2=" ">
    <subfield code="a">Nezaměnit s biologem a autorem sci-fi literatury Jackem Cohenem (1933-2019).</subfield>
  </datafield>
  <datafield tag="670" ind1=" " ind2=" ">
    <subfield code="a">Portugal, Franklin H.; Cohen, Jack S.: A century of DNA : a history of the structure and function of the genetic substance, 1977</subfield>
  </datafield>
  <datafield tag="670" ind1=" " ind2=" ">
    <subfield code="a">Cohen, Jack S.: Noninvasive Probes of Tissue Metabolism, 1982</subfield>
  </datafield>
  <datafield tag="670" ind1=" " ind2=" ">
    <subfield code="a">Bielawski, Eddie: Neviditelní Židé: Přežili jsme holokaust (k vydání připravil Jack Cohen), 2020</subfield>
  </datafield>
  <datafield tag="670" ind1=" " ind2=" ">
    <subfield code="a">LC (Names), cit. 19. 10. 2020</subfield>
    <subfield code="b">autoritní forma, datum narození, odkaz viz</subfield>
  </datafield>
  <datafield tag="670" ind1=" " ind2=" ">
    <subfield code="a">www(osobní stránka), cit. 16. 10. 2020</subfield>
    <subfield code="b">rok narození, biografické údaje, odkaz viz</subfield>
    <subfield code="u">http://jackcohenart.com/#</subfield>
  </datafield>
  <datafield tag="670" ind1=" " ind2=" ">
    <subfield code="a">www(prabook.com), cit. 19. 10. 2020</subfield>
    <subfield code="b">odkaz viz</subfield>
  </datafield>
  <datafield tag="678" ind1="0" ind2=" ">
    <subfield code="a">Britský vědec, malíř a spisovatel. Kromě vědeckých publikací autorem publikací z mnoha rozličných oborů. Též autor autobiografie i povídek. Od roku 1973 naturalizovaný občan USA, od roku 1997 občan Izraele.</subfield>
  </datafield>
  <datafield tag="906" ind1=" " ind2=" ">
    <subfield code="a">za20201019</subfield>
    <subfield code="b">xevja</subfield>
  </datafield>
  <datafield tag="906" ind1=" " ind2=" ">
    <subfield code="a">oz20201019</subfield>
    <subfield code="b">adpi</subfield>
    <subfield code="c">Záhlaví - změna na viz, zdroj - další výskyt, oblast působnosti - doplnění, biografická poznámka - dopnění</subfield>
  </datafield>
</record>