

<record>
  <leader>     nz  a22     n  4500</leader>
  <controlfield tag="001">mub20201089640</controlfield>
  <controlfield tag="003">CZ PrNK</controlfield>
  <controlfield tag="005">20201020125829.0</controlfield>
  <controlfield tag="008">201019|n|aznnnaabn           n a|a      </controlfield>
  <datafield tag="040" ind1=" " ind2=" ">
    <subfield code="a">BOD003</subfield>
    <subfield code="b">cze</subfield>
    <subfield code="d">ABA001</subfield>
    <subfield code="e">rda</subfield>
  </datafield>
  <datafield tag="046" ind1=" " ind2=" ">
    <subfield code="f">1916</subfield>
    <subfield code="g">1988</subfield>
  </datafield>
  <datafield tag="100" ind1="1" ind2=" ">
    <subfield code="a">Sadovskij, Leonid Jefimovič,</subfield>
    <subfield code="d">1916-1988</subfield>
    <subfield code="7">mub20201089640</subfield>
  </datafield>
  <datafield tag="370" ind1=" " ind2=" ">
    <subfield code="c">Rusko</subfield>
    <subfield code="f">Sovětský svaz</subfield>
  </datafield>
  <datafield tag="372" ind1=" " ind2=" ">
    <subfield code="a">matematika</subfield>
    <subfield code="a">aplikovaná matematika</subfield>
    <subfield code="a">algebra</subfield>
    <subfield code="a">matematické modelování</subfield>
    <subfield code="a">lineární programování</subfield>
    <subfield code="a">teorie her</subfield>
  </datafield>
  <datafield tag="374" ind1=" " ind2=" ">
    <subfield code="a">matematici</subfield>
    <subfield code="a">vysokoškolští učitelé</subfield>
  </datafield>
  <datafield tag="375" ind1=" " ind2=" ">
    <subfield code="a">muž</subfield>
  </datafield>
  <datafield tag="377" ind1=" " ind2=" ">
    <subfield code="a">rus</subfield>
  </datafield>
  <datafield tag="400" ind1="1" ind2=" ">
    <subfield code="a">Sadovskij, L. Je.,</subfield>
    <subfield code="d">1916-1988</subfield>
    <subfield code="0">o</subfield>
  </datafield>
  <datafield tag="670" ind1=" " ind2=" ">
    <subfield code="a">Sadovskij, L. Je.-Sadovskij, A. L.: Matematika i sport, 1985</subfield>
    <subfield code="b">odkaz viz</subfield>
  </datafield>
  <datafield tag="670" ind1=" " ind2=" ">
    <subfield code="a">RSL, cit. 19. 10. 2020</subfield>
    <subfield code="b">autoritní forma, odkaz viz</subfield>
  </datafield>
  <datafield tag="670" ind1=" " ind2=" ">
    <subfield code="a">NLR, cit. 19. 10. 2020</subfield>
    <subfield code="b">datum narození a úmrtí, publikační zaměření</subfield>
  </datafield>
  <datafield tag="670" ind1=" " ind2=" ">
    <subfield code="a">www(Librusek - Mnogo knig), cit. 19. 10. 2020</subfield>
    <subfield code="b">biografické údaje</subfield>
  </datafield>
  <datafield tag="678" ind1="0" ind2=" ">
    <subfield code="a">Ruský a sovětský matematik, vysokoškolský pedagog vyšší matematiky, aplikované matematiky a počítačové matematiky.</subfield>
  </datafield>
  <datafield tag="906" ind1=" " ind2=" ">
    <subfield code="a">za20201019</subfield>
    <subfield code="b">krekovax</subfield>
  </datafield>
  <datafield tag="906" ind1=" " ind2=" ">
    <subfield code="a">ko20201019</subfield>
    <subfield code="b">pospel</subfield>
  </datafield>
  <datafield tag="906" ind1=" " ind2=" ">
    <subfield code="a">vr20201020</subfield>
    <subfield code="b">maku</subfield>
  </datafield>
</record>