

<record>
  <leader>     cz  a22     n  4500</leader>
  <controlfield tag="001">xx0252963</controlfield>
  <controlfield tag="003">CZ PrNK</controlfield>
  <controlfield tag="005">20201019163955.0</controlfield>
  <controlfield tag="008">201019|n|aznnnaabn           n a|a      </controlfield>
  <datafield tag="040" ind1=" " ind2=" ">
    <subfield code="a">ABE304</subfield>
    <subfield code="b">cze</subfield>
    <subfield code="d">ABA001</subfield>
    <subfield code="e">rda</subfield>
  </datafield>
  <datafield tag="046" ind1=" " ind2=" ">
    <subfield code="f">1948</subfield>
    <subfield code="g">2019</subfield>
  </datafield>
  <datafield tag="100" ind1="1" ind2=" ">
    <subfield code="a">Procházková, Marie,</subfield>
    <subfield code="d">1948-2019</subfield>
    <subfield code="7">xx0252963</subfield>
  </datafield>
  <datafield tag="370" ind1=" " ind2=" ">
    <subfield code="a">Království, Šluknov, Česko</subfield>
    <subfield code="b">Praha, Česko</subfield>
    <subfield code="c">Česko</subfield>
  </datafield>
  <datafield tag="372" ind1=" " ind2=" ">
    <subfield code="a">divadelní dramaturgie</subfield>
    <subfield code="a">překladatelství</subfield>
    <subfield code="a">drama</subfield>
  </datafield>
  <datafield tag="373" ind1=" " ind2=" ">
    <subfield code="a">Divadelní ústav (Praha, Česko)</subfield>
    <subfield code="a">Slezské divadlo Opava</subfield>
    <subfield code="a">Horácké divadlo</subfield>
  </datafield>
  <datafield tag="374" ind1=" " ind2=" ">
    <subfield code="a">dramaturgyně</subfield>
    <subfield code="a">překladatelky</subfield>
    <subfield code="a">dramatičky</subfield>
  </datafield>
  <datafield tag="375" ind1=" " ind2=" ">
    <subfield code="a">žena</subfield>
  </datafield>
  <datafield tag="377" ind1=" " ind2=" ">
    <subfield code="a">cze</subfield>
  </datafield>
  <datafield tag="670" ind1=" " ind2=" ">
    <subfield code="a">Sherman, Martin: Když tančila [rukopis] (překlad Marie Procházková), 1997</subfield>
    <subfield code="b">autoritní forma</subfield>
  </datafield>
  <datafield tag="670" ind1=" " ind2=" ">
    <subfield code="a">www(Divadlo.cz), cit. 19. 10. 2020</subfield>
    <subfield code="b">data, biografické údaje</subfield>
  </datafield>
  <datafield tag="678" ind1="0" ind2=" ">
    <subfield code="a">Narozena 4. 1. 1948 v Království, zemřela 7. 6. 2019 v Praze. Dramaturgyně, překladatelka a dramatička.</subfield>
  </datafield>
  <datafield tag="906" ind1=" " ind2=" ">
    <subfield code="a">za20201019</subfield>
    <subfield code="b">xalso</subfield>
  </datafield>
  <datafield tag="906" ind1=" " ind2=" ">
    <subfield code="a">op20201019</subfield>
    <subfield code="b">beba</subfield>
    <subfield code="c">373 nově; 670b formální oprava</subfield>
  </datafield>
</record>