

<record>
  <leader>     nz  a22     n  4500</leader>
  <controlfield tag="001">kon20201089673</controlfield>
  <controlfield tag="003">CZ PrNK</controlfield>
  <controlfield tag="005">20201020083231.0</controlfield>
  <controlfield tag="008">201020|n|aznnnaabn           n a|a      </controlfield>
  <datafield tag="040" ind1=" " ind2=" ">
    <subfield code="a">ABA001</subfield>
    <subfield code="b">cze</subfield>
    <subfield code="e">rda</subfield>
  </datafield>
  <datafield tag="110" ind1="1" ind2=" ">
    <subfield code="a">Rakousko-Uhersko.</subfield>
    <subfield code="t">Pozemkové právo</subfield>
    <subfield code="7">kon20201089673</subfield>
  </datafield>
  <datafield tag="670" ind1=" " ind2=" ">
    <subfield code="a">NKC</subfield>
  </datafield>
  <datafield tag="680" ind1=" " ind2=" ">
    <subfield code="i">Skupinový unifikovaný název pro sbírku obsahující zákony a právní normy upravující vlastnický vztah k nemovitostem a půdě, především katastrální zákony, pozemkové knihy.</subfield>
  </datafield>
  <datafield tag="906" ind1=" " ind2=" ">
    <subfield code="a">br20201020</subfield>
    <subfield code="b">jasv</subfield>
  </datafield>
  <datafield tag="906" ind1=" " ind2=" ">
    <subfield code="a">ks20201020</subfield>
    <subfield code="b">jasv</subfield>
  </datafield>
</record>