

<record>
  <leader>     nz  a22     n  4500</leader>
  <datafield tag="900" ind1=" " ind2=" ">
    <subfield code="a">N-NÁVRH-VP</subfield>
  </datafield>
  <controlfield tag="001">unn20201089684</controlfield>
  <controlfield tag="003">CZ PrNK</controlfield>
  <controlfield tag="005">20201020093832.0</controlfield>
  <controlfield tag="008">201020|n|acnnnaabn           n a|a      </controlfield>
  <datafield tag="040" ind1=" " ind2=" ">
    <subfield code="a">OLA001</subfield>
    <subfield code="b">cze</subfield>
  </datafield>
  <datafield tag="046" ind1=" " ind2=" ">
    <subfield code="k">2011</subfield>
  </datafield>
  <datafield tag="130" ind1=" " ind2="0">
    <subfield code="a">Šťastnou cestu (rozhlasový pořad)</subfield>
    <subfield code="7">unn20201089684</subfield>
  </datafield>
  <datafield tag="370" ind1=" " ind2=" ">
    <subfield code="g">Praha, Česko</subfield>
  </datafield>
  <datafield tag="372" ind1=" " ind2=" ">
    <subfield code="a">automobilismus</subfield>
    <subfield code="a">cestování</subfield>
    <subfield code="a">turistika</subfield>
    <subfield code="a">dějiny</subfield>
  </datafield>
  <datafield tag="380" ind1=" " ind2=" ">
    <subfield code="a">rozhlasové pořady</subfield>
    <subfield code="a">rozhlasové cykly</subfield>
  </datafield>
  <datafield tag="500" ind1="1" ind2=" ">
    <subfield code="w">r</subfield>
    <subfield code="i">Moderátor:</subfield>
    <subfield code="a">Rosák, Jan,</subfield>
    <subfield code="d">1947-</subfield>
    <subfield code="7">jn20000728564</subfield>
  </datafield>
  <datafield tag="670" ind1=" " ind2=" ">
    <subfield code="a">www(Český rozhlas Dvojka), 20. 10. 2020</subfield>
    <subfield code="u">https://dvojka.rozhlas.cz/stastnou-cestu-7230752/o-poradu</subfield>
  </datafield>
  <datafield tag="678" ind1=" " ind2=" ">
    <subfield code="a">Rozhlasový cyklus Českého rozhlasu Dvojky o automobilismu, cestování a zajímavostech z historie je vysílán od roku 2011.</subfield>
  </datafield>
  <datafield tag="906" ind1=" " ind2=" ">
    <subfield code="a">za20201020</subfield>
    <subfield code="b">marm</subfield>
  </datafield>
</record>