

<record>
  <leader>     nz  a22     n  4500</leader>
  <datafield tag="900" ind1=" " ind2=" ">
    <subfield code="a">J-NÁVRH-STT</subfield>
  </datafield>
  <controlfield tag="001">ntk20201089691</controlfield>
  <controlfield tag="003">CZ PrNK</controlfield>
  <controlfield tag="005">20201020105134.0</controlfield>
  <controlfield tag="008">201020|n|aznnnaabn           n a|a      </controlfield>
  <datafield tag="040" ind1=" " ind2=" ">
    <subfield code="a">ABA013</subfield>
    <subfield code="b">cze</subfield>
    <subfield code="e">rda</subfield>
  </datafield>
  <datafield tag="046" ind1=" " ind2=" ">
    <subfield code="s">1723</subfield>
    <subfield code="t">1731</subfield>
  </datafield>
  <datafield tag="100" ind1="1" ind2=" ">
    <subfield code="a">Zimmermann, Gottfried,</subfield>
    <subfield code="c">Witwe,</subfield>
    <subfield code="d">činná 1723-1731</subfield>
    <subfield code="7">ntk20201089691</subfield>
  </datafield>
  <datafield tag="370" ind1=" " ind2=" ">
    <subfield code="c">Německo</subfield>
  </datafield>
  <datafield tag="370" ind1=" " ind2=" ">
    <subfield code="f">Lutherstadt Wittenberg, Německo</subfield>
    <subfield code="s">1723</subfield>
    <subfield code="t">1731</subfield>
  </datafield>
  <datafield tag="372" ind1=" " ind2=" ">
    <subfield code="a">nakladatelství a vydavatelství</subfield>
    <subfield code="a">vydavatelská činnost</subfield>
    <subfield code="a">knižní kultura</subfield>
  </datafield>
  <datafield tag="374" ind1=" " ind2=" ">
    <subfield code="a">nakladatelky a vydavatelky</subfield>
  </datafield>
  <datafield tag="375" ind1=" " ind2=" ">
    <subfield code="a">žena</subfield>
  </datafield>
  <datafield tag="377" ind1=" " ind2=" ">
    <subfield code="a">lat</subfield>
    <subfield code="a">ger</subfield>
  </datafield>
  <datafield tag="400" ind1="1" ind2=" ">
    <subfield code="a">Zimmermannus, Godofr.,</subfield>
    <subfield code="c">Vid.,</subfield>
    <subfield code="d">činná 1723-1731</subfield>
    <subfield code="0">o</subfield>
  </datafield>
  <datafield tag="400" ind1="1" ind2=" ">
    <subfield code="a">Zimmermannus, Godofried,</subfield>
    <subfield code="c">Vidua,</subfield>
    <subfield code="d">činná 1723-1731</subfield>
    <subfield code="0">o</subfield>
  </datafield>
  <datafield tag="400" ind1="1" ind2=" ">
    <subfield code="a">Zimmermann, Gottfried,</subfield>
    <subfield code="c">vdova,</subfield>
    <subfield code="d">činná 1723-1731</subfield>
    <subfield code="0">o</subfield>
  </datafield>
  <datafield tag="500" ind1="1" ind2=" ">
    <subfield code="a">Zimmermann, Gottfried,</subfield>
    <subfield code="d">1670-1723</subfield>
    <subfield code="7">ola2009522922</subfield>
  </datafield>
  <datafield tag="500" ind1="1" ind2=" ">
    <subfield code="a">Zimmermann, Samuel Gottfried,</subfield>
    <subfield code="d">činný 1731-1761</subfield>
    <subfield code="7">jo2010614808</subfield>
  </datafield>
  <datafield tag="510" ind1="2" ind2=" ">
    <subfield code="a">Zimmermanns Buchladen</subfield>
    <subfield code="7">ntk20201089704</subfield>
  </datafield>
  <datafield tag="665" ind1=" " ind2=" ">
    <subfield code="a">Předchůdce: Zimmermann, Gottfried (1670-1723).</subfield>
    <subfield code="a">Pokračovatel: Zimmermann, Samuel Gottfried (činný 1731-1761).</subfield>
    <subfield code="a">Vlastněná firma: Zimmermanns Buchladen.</subfield>
  </datafield>
  <datafield tag="667" ind1=" " ind2=" ">
    <subfield code="a">http://d-nb.info/gnd/1037598512.</subfield>
  </datafield>
  <datafield tag="670" ind1=" " ind2=" ">
    <subfield code="a">INSTRUMENTA METEOROGNOSIÆ INSERVIENTIA ... SUBMITTIT JOH. GEORGIUS LEUTMANNUS P. D. WITTENBERGÆ: SUMPTIBUS B. GODOFR. ZIMMERMANNI VID., 1725</subfield>
    <subfield code="b">odkaz viz</subfield>
    <subfield code="u">http://mdz-nbn-resolving.de/urn:nbn:de:bvb:12-bsb10134157-7</subfield>
  </datafield>
  <datafield tag="670" ind1=" " ind2=" ">
    <subfield code="a">Der Jugend auf Schulen Matematische Neben-Ubungen in der ARITHMETIC und GEOMETRIE, Und zwar insonderheit dort in der ARITHMETICA VULGARI, DECIMALI, NEPERIANA und LOGARITHMICA; ... von M. Benjamin Hederich, S H. R. Wittenberg: Verlegts Gottfried Zimmermanns sel. Erben, 1729</subfield>
    <subfield code="u">https://archive.org/details/bub_gb_5JcHAAAAcAAJ/page/n10/mode/1up</subfield>
  </datafield>
  <datafield tag="670" ind1=" " ind2=" ">
    <subfield code="a">DNB, cit. 20. 10. 2020</subfield>
    <subfield code="b">autoritní forma, odkaz viz, data činnosti</subfield>
    <subfield code="u">http://d-nb.info/gnd/1037598512</subfield>
  </datafield>
  <datafield tag="678" ind1="0" ind2=" ">
    <subfield code="a">Německá nakladatelka, činná ve Wittenbergu v letech 1723-1731. Navázala na činnost svého zemřelého manžela nakladatele Gottfrieda Zimmermanna (1670-1723). Převzala zároveň vedení rodinné firmy „Zimmermanns Buchladen“, založené v r. 1696. Některé tisky tak nesly označení „Zimmermanns sel. Erben“ aj. V r. 1731 se pokračovatelem stal syn zakladatele firmy nakladatel Samuel Gottfried Zimmermann.</subfield>
  </datafield>
  <datafield tag="906" ind1=" " ind2=" ">
    <subfield code="a">za20201020</subfield>
    <subfield code="b">evbr</subfield>
  </datafield>
  <datafield tag="906" ind1=" " ind2=" ">
    <subfield code="a">ko20201020</subfield>
    <subfield code="b">evbr</subfield>
  </datafield>
</record>