

<record>
  <leader>     nz  a22     n  4500</leader>
  <controlfield tag="001">unn20201089703</controlfield>
  <controlfield tag="003">CZ PrNK</controlfield>
  <controlfield tag="005">20201020104132.0</controlfield>
  <controlfield tag="008">201020|n|acnnnaabn           n a|a      </controlfield>
  <datafield tag="040" ind1=" " ind2=" ">
    <subfield code="a">ABA001</subfield>
    <subfield code="b">cze</subfield>
  </datafield>
  <datafield tag="130" ind1=" " ind2="0">
    <subfield code="a">Shu jing</subfield>
    <subfield code="7">unn20201089703</subfield>
  </datafield>
  <datafield tag="400" ind1="0" ind2=" ">
    <subfield code="a">Konfucius,</subfield>
    <subfield code="d">552 př. Kr.-479 př. Kr.</subfield>
    <subfield code="t">Shu jing</subfield>
    <subfield code="0">o</subfield>
  </datafield>
  <datafield tag="430" ind1=" " ind2="0">
    <subfield code="a">Shang shu</subfield>
    <subfield code="0">o</subfield>
  </datafield>
  <datafield tag="430" ind1=" " ind2="0">
    <subfield code="a">Šu-ťing</subfield>
    <subfield code="0">o</subfield>
  </datafield>
  <datafield tag="670" ind1=" " ind2=" ">
    <subfield code="a">LC (Names)</subfield>
  </datafield>
  <datafield tag="670" ind1=" " ind2=" ">
    <subfield code="a">Shang shu / Qian Zongwu jie du. Beijing : Guo jia tu shu guan chu ban she, 2017</subfield>
  </datafield>
  <datafield tag="678" ind1=" " ind2=" ">
    <subfield code="a">Anonymní klasické dílo čínského konfucianismu. Někdy je přisuzováno Konfuciovi, který editoval a komentoval archivní dokumenty čínské historiografie.</subfield>
  </datafield>
  <datafield tag="906" ind1=" " ind2=" ">
    <subfield code="a">br20201020</subfield>
    <subfield code="b">jasv</subfield>
  </datafield>
  <datafield tag="906" ind1=" " ind2=" ">
    <subfield code="a">ks20201020</subfield>
    <subfield code="b">jasv</subfield>
  </datafield>
</record>