

<record>
  <leader>     nz  a22     n  4500</leader>
  <datafield tag="900" ind1=" " ind2=" ">
    <subfield code="a">K-NÁVRH</subfield>
  </datafield>
  <controlfield tag="001">ntk20201089704</controlfield>
  <controlfield tag="003">CZ PrNK</controlfield>
  <controlfield tag="005">20201020111458.0</controlfield>
  <controlfield tag="008">201020|n|aznnnaabn           n a|a      </controlfield>
  <datafield tag="040" ind1=" " ind2=" ">
    <subfield code="a">ABA013</subfield>
    <subfield code="b">cze</subfield>
    <subfield code="e">rda</subfield>
  </datafield>
  <datafield tag="110" ind1="2" ind2=" ">
    <subfield code="a">Zimmermanns Buchladen</subfield>
    <subfield code="7">ntk20201089704</subfield>
  </datafield>
  <datafield tag="368" ind1=" " ind2=" ">
    <subfield code="a">nakladatelství a vydavatelství</subfield>
    <subfield code="a">knihkupectví</subfield>
    <subfield code="a">firmy</subfield>
  </datafield>
  <datafield tag="370" ind1=" " ind2=" ">
    <subfield code="c">Německo</subfield>
    <subfield code="e">Lutherstadt Wittenberg, Německo</subfield>
    <subfield code="s">1696</subfield>
  </datafield>
  <datafield tag="372" ind1=" " ind2=" ">
    <subfield code="a">vydavatelská činnost</subfield>
    <subfield code="a">vydávání a distribuce knih</subfield>
    <subfield code="a">knižní produkce</subfield>
    <subfield code="a">knižní kultura</subfield>
  </datafield>
  <datafield tag="377" ind1=" " ind2=" ">
    <subfield code="a">ger</subfield>
    <subfield code="a">lat</subfield>
  </datafield>
  <datafield tag="410" ind1="2" ind2=" ">
    <subfield code="a">Bibliopolium Zimmermannianum (firma)</subfield>
    <subfield code="2">czelat</subfield>
    <subfield code="0">o</subfield>
  </datafield>
  <datafield tag="410" ind1="2" ind2=" ">
    <subfield code="a">Gottfried Zimmermann (firma)</subfield>
    <subfield code="0">o</subfield>
  </datafield>
  <datafield tag="410" ind1="2" ind2=" ">
    <subfield code="a">Samuel Gottfried Zimmermann (firma)</subfield>
    <subfield code="0">o</subfield>
  </datafield>
  <datafield tag="410" ind1="2" ind2=" ">
    <subfield code="a">Sam. Gottfr. Zimmermann (firma)</subfield>
    <subfield code="0">o</subfield>
  </datafield>
  <datafield tag="410" ind1="2" ind2=" ">
    <subfield code="a">Zimmermann (firma)</subfield>
    <subfield code="0">o</subfield>
  </datafield>
  <datafield tag="410" ind1="2" ind2=" ">
    <subfield code="a">Gottfried Zimmermanns sel. Erben</subfield>
    <subfield code="0">o</subfield>
  </datafield>
  <datafield tag="410" ind1="2" ind2=" ">
    <subfield code="a">Godofredus Zimmermannus Haeredes</subfield>
    <subfield code="2">czelat</subfield>
    <subfield code="0">o</subfield>
  </datafield>
  <datafield tag="410" ind1="2" ind2=" ">
    <subfield code="a">Gottfried Zimmermann Erben</subfield>
    <subfield code="0">o</subfield>
  </datafield>
  <datafield tag="410" ind1="2" ind2=" ">
    <subfield code="a">Gottfried Zimmermannischer Buchladen (Lutherstadt Wittenberg, Německo)</subfield>
    <subfield code="0">o</subfield>
  </datafield>
  <datafield tag="410" ind1="2" ind2=" ">
    <subfield code="a">Zimmermannischer Buchladen (Lutherstadt Wittenberg, Německo)</subfield>
    <subfield code="0">o</subfield>
  </datafield>
  <datafield tag="500" ind1="1" ind2=" ">
    <subfield code="a">Zimmermann, Gottfried,</subfield>
    <subfield code="d">1670-1723</subfield>
    <subfield code="7">ola2009522922</subfield>
  </datafield>
  <datafield tag="500" ind1="1" ind2=" ">
    <subfield code="a">Zimmermann, Gottfried,</subfield>
    <subfield code="c">Witwe,</subfield>
    <subfield code="d">činná 1723-1731</subfield>
    <subfield code="7">ntk20201089691</subfield>
  </datafield>
  <datafield tag="500" ind1="1" ind2=" ">
    <subfield code="a">Zimmermann, Samuel Gottfried,</subfield>
    <subfield code="d">činný 1731-1761</subfield>
    <subfield code="7">jo2010614808</subfield>
  </datafield>
  <datafield tag="665" ind1=" " ind2=" ">
    <subfield code="a">Zakladatel a majitel firmy: Zimmermann, Gottfried (1670-1723).</subfield>
    <subfield code="a">Majitelka firmy: Zimmermann, Gottfried, Witwe (činná 1723-1731).</subfield>
    <subfield code="a">Majitel firmy: Zimmermann, Samuel Gottfried (činný 1731-1761).</subfield>
  </datafield>
  <datafield tag="667" ind1=" " ind2=" ">
    <subfield code="a">http://d-nb.info/gnd/1072571021.</subfield>
  </datafield>
  <datafield tag="670" ind1=" " ind2=" ">
    <subfield code="a">Der Jugend auf Schulen Matematische Neben-Ubungen in der ARITHMETIC und GEOMETRIE, Und zwar insonderheit dort in der ARITHMETICA VULGARI, DECIMALI, NEPERIANA und LOGARITHMICA; ... von M. Benjamin Hederich, S H. R. Wittenberg: Verlegts Gottfried Zimmermanns sel. Erben, 1729</subfield>
    <subfield code="b">odkaz viz</subfield>
    <subfield code="u">https://archive.org/details/bub_gb_5JcHAAAAcAAJ/page/n10/mode/1up</subfield>
  </datafield>
  <datafield tag="670" ind1=" " ind2=" ">
    <subfield code="a">DNB, cit. 20. 10. 2020</subfield>
    <subfield code="b">autoritní forma, odkazy viz, odkazy viz též, datum o činnosti, údaje o firmě</subfield>
    <subfield code="u">http://d-nb.info/gnd/1072571021</subfield>
  </datafield>
  <datafield tag="670" ind1=" " ind2=" ">
    <subfield code="a">www(DNB, Zimmermann, Gottfried, Witwe), cit. 20. 10. 2020</subfield>
    <subfield code="b">odkazy viz (položka: Beziehungen zu Organisationen)</subfield>
    <subfield code="u">http://d-nb.info/gnd/1037598512</subfield>
  </datafield>
  <datafield tag="675" ind1=" " ind2=" ">
    <subfield code="a">LC (Names), cit. 20. 10. 2020</subfield>
  </datafield>
  <datafield tag="678" ind1=" " ind2=" ">
    <subfield code="a">Německé nakladatelství a knihkupectví, činné ve Wittenbergu od r. 1696. Založil ho nakladatel Gottfried Zimmermann (1670-1723) a vedl ho až do své smrti v r. 1723. V letech 1723-1731 firmu vedla vdova a po ní v letech 1731-1761 syn zakladatele Samuel Gottfried Zimmermann. Propojení s knihkupeckou firmou „Zimmermannische Buchhandlung“, kterou od r. 1754 vedla manželka syna a později od r. 1762 jeho vdova (Zimmermann, Samuel Gottfried, Witwe), nebylo v pramenech prokázáno.</subfield>
  </datafield>
  <datafield tag="906" ind1=" " ind2=" ">
    <subfield code="a">za20201020</subfield>
    <subfield code="b">evbr</subfield>
  </datafield>
  <datafield tag="906" ind1=" " ind2=" ">
    <subfield code="a">ko20201020</subfield>
    <subfield code="b">evbr</subfield>
  </datafield>
</record>