

<record>
  <leader>     cz  a22     n  4500</leader>
  <controlfield tag="001">ko20201089707</controlfield>
  <controlfield tag="003">CZ PrNK</controlfield>
  <controlfield tag="005">20201020105651.0</controlfield>
  <controlfield tag="008">201020|n|aznnnaabn           n a|a      </controlfield>
  <datafield tag="040" ind1=" " ind2=" ">
    <subfield code="a">ABA001</subfield>
    <subfield code="b">cze</subfield>
    <subfield code="d">ABA001</subfield>
    <subfield code="e">rda</subfield>
  </datafield>
  <datafield tag="111" ind1="2" ind2=" ">
    <subfield code="a">Jihočeská lidová architektura - 20 let v UNESCO (konference)</subfield>
    <subfield code="d">(2018 :</subfield>
    <subfield code="c">Holašovice, Jankov, České Budějovice, Česko;</subfield>
    <subfield code="c">Plástovice, Sedlec, České Budějovice, Česko)</subfield>
    <subfield code="7">ko20201089707</subfield>
  </datafield>
  <datafield tag="MOR" ind1="1" ind2=" ">
    <subfield code="a">Jihočeská lidová architektura - 20 let v UNESCO (konference)</subfield>
    <subfield code="d">(2018 :</subfield>
    <subfield code="c">Holašovice, Jankov, České Budějovice, Česko ;</subfield>
    <subfield code="c">Plástovice, Sedlec, České Budějovice, Česko)</subfield>
    <subfield code="7">ko20201089707</subfield>
  </datafield>
  <datafield tag="368" ind1=" " ind2=" ">
    <subfield code="a">konference</subfield>
  </datafield>
  <datafield tag="370" ind1=" " ind2=" ">
    <subfield code="c">Česko</subfield>
    <subfield code="e">Holašovice, Jankov, České Budějovice, Česko</subfield>
    <subfield code="e">Plástovice, Sedlec, České Budějovice, Česko</subfield>
  </datafield>
  <datafield tag="372" ind1=" " ind2=" ">
    <subfield code="a">lidová architektura</subfield>
  </datafield>
  <datafield tag="377" ind1=" " ind2=" ">
    <subfield code="a">cze</subfield>
  </datafield>
  <datafield tag="670" ind1=" " ind2=" ">
    <subfield code="a">Jihočeská lidová architektura : 20 let v UNESCO : sborník z konference Holašovice Plástovice 6.-7. června 2018</subfield>
  </datafield>
  <datafield tag="906" ind1=" " ind2=" ">
    <subfield code="a">za20201020</subfield>
    <subfield code="b">kahr</subfield>
  </datafield>
  <datafield tag="906" ind1=" " ind2=" ">
    <subfield code="a">oz20201020</subfield>
    <subfield code="b">svsv</subfield>
    <subfield code="c">Záhlaví - oprava; Další info - nově; Související místo - nově; Oblast působení - nově; Jazyk - nově</subfield>
  </datafield>
</record>