

<record>
  <leader>     nz  a22     n  4500</leader>
  <datafield tag="900" ind1=" " ind2=" ">
    <subfield code="a">*J-NÁVRH</subfield>
  </datafield>
  <controlfield tag="001">mzk20201089712</controlfield>
  <controlfield tag="003">CZ PrNK</controlfield>
  <controlfield tag="005">20201020112407.0</controlfield>
  <controlfield tag="008">201020|n|aznnnaabn           n a|a      </controlfield>
  <datafield tag="040" ind1=" " ind2=" ">
    <subfield code="a">BOA001</subfield>
    <subfield code="b">cze</subfield>
    <subfield code="e">rda</subfield>
  </datafield>
  <datafield tag="100" ind1="1" ind2=" ">
    <subfield code="a">Weiss, Sonja</subfield>
    <subfield code="7">mzk20201089712</subfield>
  </datafield>
  <datafield tag="370" ind1=" " ind2=" ">
    <subfield code="c">Slovinsko</subfield>
    <subfield code="f">Lublaň, Slovinsko</subfield>
  </datafield>
  <datafield tag="372" ind1=" " ind2=" ">
    <subfield code="a">latina</subfield>
    <subfield code="a">italština</subfield>
    <subfield code="a">řečtina</subfield>
    <subfield code="a">stará řečtina</subfield>
    <subfield code="a">překlady z řečtiny</subfield>
    <subfield code="a">filologie</subfield>
    <subfield code="a">klasická filologie</subfield>
    <subfield code="a">antická filozofie</subfield>
    <subfield code="a">antická mytologie</subfield>
  </datafield>
  <datafield tag="373" ind1=" " ind2=" ">
    <subfield code="a">Univerza v Ljubljani. Filozofska fakulteta</subfield>
    <subfield code="s">2000</subfield>
  </datafield>
  <datafield tag="374" ind1=" " ind2=" ">
    <subfield code="a">filoložky</subfield>
    <subfield code="a">klasické filoložky</subfield>
    <subfield code="a">překladatelky</subfield>
  </datafield>
  <datafield tag="375" ind1=" " ind2=" ">
    <subfield code="a">žena</subfield>
  </datafield>
  <datafield tag="377" ind1=" " ind2=" ">
    <subfield code="a">slv</subfield>
    <subfield code="a">eng</subfield>
    <subfield code="a">lat</subfield>
  </datafield>
  <datafield tag="670" ind1=" " ind2=" ">
    <subfield code="a">Weiss, Sonja: The net in the sea : a note to Plotinus' en. IV 3(27).9.34-44. In: Graeco-Latina Brunensia 2019, roč. 24, č. 2, s. 235-253</subfield>
  </datafield>
  <datafield tag="670" ind1=" " ind2=" ">
    <subfield code="a">COBISS.SI, cit. 20. 10. 2020</subfield>
    <subfield code="b">autoritní forma</subfield>
  </datafield>
  <datafield tag="670" ind1=" " ind2=" ">
    <subfield code="a">www(Univerza v Ljubljani, Filozofska fakulteta, Oddelek za klasično filologijo - doc. dr. Sonja Weiss), cit. 20. 10. 2020</subfield>
    <subfield code="b">profesní specializace</subfield>
    <subfield code="u">https://ff.classics.si/employees/doc-dr-sonja-weiss/</subfield>
  </datafield>
  <datafield tag="670" ind1=" " ind2=" ">
    <subfield code="a">www(ResearchGate - Sonja Weiss), cit. 20. 10. 2020</subfield>
    <subfield code="b">profesní specializace</subfield>
    <subfield code="u">https://www.researchgate.net/profile/Sonja_Weiss4</subfield>
  </datafield>
  <datafield tag="678" ind1="0" ind2=" ">
    <subfield code="a">Slovinská filoložka a klasická filoložka, zaměřená na recepci antické filozofie ve středověku. Překladatelka Plótínových Ennead do slovinštiny.</subfield>
  </datafield>
  <datafield tag="906" ind1=" " ind2=" ">
    <subfield code="a">za20201020</subfield>
    <subfield code="b">kmonev</subfield>
  </datafield>
</record>