

<record>
  <leader>     cz  a22     n  4500</leader>
  <controlfield tag="001">pna20201089716</controlfield>
  <controlfield tag="003">CZ PrNK</controlfield>
  <controlfield tag="005">20201021101720.0</controlfield>
  <controlfield tag="008">201020|n|aznnnaabn           n a|a      </controlfield>
  <datafield tag="040" ind1=" " ind2=" ">
    <subfield code="a">PNA001</subfield>
    <subfield code="b">cze</subfield>
    <subfield code="d">ABA001</subfield>
    <subfield code="e">rda</subfield>
  </datafield>
  <datafield tag="046" ind1=" " ind2=" ">
    <subfield code="f">0840</subfield>
    <subfield code="g">0900</subfield>
  </datafield>
  <datafield tag="100" ind1="0" ind2=" ">
    <subfield code="a">Ratpertus,</subfield>
    <subfield code="c">Sangallensis,</subfield>
    <subfield code="d">asi 840-asi 900</subfield>
    <subfield code="7">pna20201089716</subfield>
  </datafield>
  <datafield tag="368" ind1=" " ind2=" ">
    <subfield code="d">OSB</subfield>
  </datafield>
  <datafield tag="370" ind1=" " ind2=" ">
    <subfield code="c">Švýcarsko</subfield>
    <subfield code="f">Sankt Gallen, Švýcarsko</subfield>
  </datafield>
  <datafield tag="372" ind1=" " ind2=" ">
    <subfield code="a">kronikářství</subfield>
    <subfield code="a">poezie</subfield>
  </datafield>
  <datafield tag="373" ind1=" " ind2=" ">
    <subfield code="a">Benediktini</subfield>
  </datafield>
  <datafield tag="374" ind1=" " ind2=" ">
    <subfield code="a">kronikáři</subfield>
    <subfield code="a">básníci</subfield>
  </datafield>
  <datafield tag="375" ind1=" " ind2=" ">
    <subfield code="a">muž</subfield>
  </datafield>
  <datafield tag="377" ind1=" " ind2=" ">
    <subfield code="a">lat</subfield>
    <subfield code="a">goh</subfield>
  </datafield>
  <datafield tag="400" ind1="0" ind2=" ">
    <subfield code="a">Ratpert,</subfield>
    <subfield code="d">asi 840-asi 900</subfield>
    <subfield code="0">o</subfield>
  </datafield>
  <datafield tag="400" ind1="0" ind2=" ">
    <subfield code="a">Ratpert,</subfield>
    <subfield code="c">mnich ze Sankt Gallen,</subfield>
    <subfield code="d">asi 840-asi 900</subfield>
    <subfield code="0">o</subfield>
  </datafield>
  <datafield tag="400" ind1="0" ind2=" ">
    <subfield code="a">Ratpertus,</subfield>
    <subfield code="d">asi 840-asi 900</subfield>
    <subfield code="0">o</subfield>
  </datafield>
  <datafield tag="400" ind1="0" ind2=" ">
    <subfield code="a">Ratpert,</subfield>
    <subfield code="c">von St. Gallen,</subfield>
    <subfield code="d">asi 840-asi 900</subfield>
    <subfield code="0">o</subfield>
  </datafield>
  <datafield tag="400" ind1="0" ind2=" ">
    <subfield code="a">Ratbert,</subfield>
    <subfield code="c">von Sankt Gallen,</subfield>
    <subfield code="d">asi 840-asi 900</subfield>
    <subfield code="0">o</subfield>
  </datafield>
  <datafield tag="400" ind1="0" ind2=" ">
    <subfield code="a">Rapertus,</subfield>
    <subfield code="c">Monachus,</subfield>
    <subfield code="d">asi 840-asi 900</subfield>
    <subfield code="0">o</subfield>
  </datafield>
  <datafield tag="400" ind1="0" ind2=" ">
    <subfield code="a">Ratpertus,</subfield>
    <subfield code="c">Monachus,</subfield>
    <subfield code="d">asi 840-asi 900</subfield>
    <subfield code="0">o</subfield>
  </datafield>
  <datafield tag="400" ind1="0" ind2=" ">
    <subfield code="a">Ratpertus,</subfield>
    <subfield code="c">de Saint-Gall,</subfield>
    <subfield code="d">asi 840-asi 900</subfield>
    <subfield code="0">o</subfield>
  </datafield>
  <datafield tag="667" ind1=" " ind2=" ">
    <subfield code="a">Zdroj LC (Names) uvádí přibližný rok úmrtí 890, zdroj Wikipedia uvádí data 855-911.</subfield>
  </datafield>
  <datafield tag="670" ind1=" " ind2=" ">
    <subfield code="a">Ratpert - Ekkehard IV.: Osudy Svatohavelského kláštera, 2020</subfield>
  </datafield>
  <datafield tag="670" ind1=" " ind2=" ">
    <subfield code="a">HELVETICAT, cit. 20. 10. 2020</subfield>
    <subfield code="b">autoritní forma, data</subfield>
  </datafield>
  <datafield tag="670" ind1=" " ind2=" ">
    <subfield code="a">LC (Names), cit. 20. 10. 2020</subfield>
    <subfield code="b">odkazy viz</subfield>
  </datafield>
  <datafield tag="670" ind1=" " ind2=" ">
    <subfield code="a">www(Wikipedia, die freie Enzyklopädie - Ratpert von St. Gallen), cit. 21. 10. 2020</subfield>
    <subfield code="b">odkaz viz, profesní údaje, jazyky</subfield>
    <subfield code="u">https://de.wikipedia.org/wiki/Ratpert_von_St._Gallen</subfield>
  </datafield>
  <datafield tag="670" ind1=" " ind2=" ">
    <subfield code="a">DNB, cit. 21. 10. 2020</subfield>
    <subfield code="b">odkaz viz</subfield>
  </datafield>
  <datafield tag="678" ind1="0" ind2=" ">
    <subfield code="a">Učenec, kronikář a básník, psal ve středověké latině a ve staroněmecké němčině v klášteře v St. Gallen (Švýcarsko).</subfield>
  </datafield>
  <datafield tag="906" ind1=" " ind2=" ">
    <subfield code="a">za20201020</subfield>
    <subfield code="b">kali</subfield>
  </datafield>
  <datafield tag="906" ind1=" " ind2=" ">
    <subfield code="a">op20201021</subfield>
    <subfield code="b">lisi</subfield>
    <subfield code="c">Viz - další výskyt, pole 368, 373 - nově, zdroj - aktualizace</subfield>
  </datafield>
</record>