

<record>
  <leader>     nz  a22     n  4500</leader>
  <datafield tag="900" ind1=" " ind2=" ">
    <subfield code="a">*J-NÁVRH</subfield>
  </datafield>
  <controlfield tag="001">av20201089721</controlfield>
  <controlfield tag="003">CZ PrNK</controlfield>
  <controlfield tag="005">20201020115251.0</controlfield>
  <controlfield tag="008">201020|n|aznnnaabn           n a|a      </controlfield>
  <datafield tag="040" ind1=" " ind2=" ">
    <subfield code="a">ABB060</subfield>
    <subfield code="b">cze</subfield>
    <subfield code="e">rda</subfield>
  </datafield>
  <datafield tag="100" ind1="1" ind2=" ">
    <subfield code="a">Kapetanea, Linda</subfield>
    <subfield code="7">av20201089721</subfield>
  </datafield>
  <datafield tag="370" ind1=" " ind2=" ">
    <subfield code="a">Athény, Řecko</subfield>
    <subfield code="c">Řecko</subfield>
  </datafield>
  <datafield tag="372" ind1=" " ind2=" ">
    <subfield code="a">tanec</subfield>
    <subfield code="a">choreografie</subfield>
    <subfield code="a">výchova a vzdělávání</subfield>
  </datafield>
  <datafield tag="374" ind1=" " ind2=" ">
    <subfield code="a">tanečnice</subfield>
    <subfield code="a">choreografky</subfield>
    <subfield code="a">taneční pedagožky</subfield>
    <subfield code="a">umělkyně</subfield>
  </datafield>
  <datafield tag="375" ind1=" " ind2=" ">
    <subfield code="a">žena</subfield>
  </datafield>
  <datafield tag="377" ind1=" " ind2=" ">
    <subfield code="a">eng</subfield>
    <subfield code="a">gre</subfield>
  </datafield>
  <datafield tag="400" ind1="1" ind2=" ">
    <subfield code="a">Kapetanei, Linda</subfield>
    <subfield code="0">o</subfield>
  </datafield>
  <datafield tag="400" ind1="1" ind2=" ">
    <subfield code="a">Kapetaneová, Linda</subfield>
    <subfield code="0">o</subfield>
  </datafield>
  <datafield tag="670" ind1=" " ind2=" ">
    <subfield code="a">www(virtualmuseum.nationalopera.gr), cit. 20.10. 2020</subfield>
    <subfield code="b">autoritní forma, charakteristika činnosti</subfield>
  </datafield>
  <datafield tag="670" ind1=" " ind2=" ">
    <subfield code="a">BNPL, cit. 20.10. 2020</subfield>
    <subfield code="b">odkaz viz a)</subfield>
  </datafield>
  <datafield tag="670" ind1=" " ind2=" ">
    <subfield code="a">www(Čiháková, Barbora: Cirk La Putyka svou rodinnou ságou posouvá hranice divadelního jazyka. In: Aktuálně.cz), 26. 9. 2016, cit. 20.10. 2020</subfield>
    <subfield code="b">odkaz viz b)</subfield>
  </datafield>
  <datafield tag="670" ind1=" " ind2=" ">
    <subfield code="a">www(divadloponec.cz), cit. 20.10. 2020</subfield>
    <subfield code="b">charakteristika činnosti</subfield>
  </datafield>
  <datafield tag="675" ind1=" " ind2=" ">
    <subfield code="a">www(National Library of Greece), cit. 20.10. 2020</subfield>
    <subfield code="a">www(LC (Names), cit. 20.10. 2020</subfield>
  </datafield>
  <datafield tag="678" ind1="0" ind2=" ">
    <subfield code="a">Řecká tanečnice, choreografka a pedagožka působící v rámci společnosti RootlessRoot. Spolupracuje s umělci z celého světa včetně Česka a Slovenska. Společně se svým manželem Jozefem Fručkem se účastní představení a festivalů v Evropě a Americe. Žije v Řecku.</subfield>
  </datafield>
  <datafield tag="906" ind1=" " ind2=" ">
    <subfield code="a">za20201020</subfield>
    <subfield code="b">uclph</subfield>
  </datafield>
</record>