

<record>
  <leader>     nz  a22     n  4500</leader>
  <datafield tag="900" ind1=" " ind2=" ">
    <subfield code="a">*J-NÁVRH</subfield>
  </datafield>
  <controlfield tag="001">av20201089738</controlfield>
  <controlfield tag="003">CZ PrNK</controlfield>
  <controlfield tag="005">20201020124749.0</controlfield>
  <controlfield tag="008">201020|n|aznnnaabn           n a|a      </controlfield>
  <datafield tag="040" ind1=" " ind2=" ">
    <subfield code="a">ABB060</subfield>
    <subfield code="b">cze</subfield>
    <subfield code="e">rda</subfield>
  </datafield>
  <datafield tag="046" ind1=" " ind2=" ">
    <subfield code="f">1914</subfield>
    <subfield code="g">1943</subfield>
  </datafield>
  <datafield tag="100" ind1="1" ind2=" ">
    <subfield code="a">Klecan, Jaroslav,</subfield>
    <subfield code="d">1914-1943</subfield>
    <subfield code="7">av20201089738</subfield>
  </datafield>
  <datafield tag="370" ind1=" " ind2=" ">
    <subfield code="a">Zadní Zborovice, Třebohostice, Strakonice, Česko</subfield>
    <subfield code="b">Berlín, Německo</subfield>
    <subfield code="c">Česko</subfield>
    <subfield code="c">Německo</subfield>
  </datafield>
  <datafield tag="372" ind1=" " ind2=" ">
    <subfield code="a">protifašistický odboj</subfield>
  </datafield>
  <datafield tag="374" ind1=" " ind2=" ">
    <subfield code="a">účastníci odboje</subfield>
  </datafield>
  <datafield tag="375" ind1=" " ind2=" ">
    <subfield code="a">muž</subfield>
  </datafield>
  <datafield tag="377" ind1=" " ind2=" ">
    <subfield code="a">cze</subfield>
  </datafield>
  <datafield tag="670" ind1=" " ind2=" ">
    <subfield code="a">Majtenyi, David: "Mirek" z Reportáže psané na oprátce - Jaroslav Klecan (1914-1943). In: Časopis Národního muzea. Řada historická. Roč. 188, 2019, č. 1/2, s. 3-58</subfield>
    <subfield code="b">autoritní forma</subfield>
  </datafield>
  <datafield tag="670" ind1=" " ind2=" ">
    <subfield code="a">Majtenyi, David: "Mirek" z Reportáže psané na oprátce - Jaroslav Klecan (1914-1943). In: Časopis Národního muzea. Řada historická. Roč. 188, 2019, č. 1/2, s. 3-58</subfield>
    <subfield code="b">datum narození a úmrtí, biografické údaje, charakteristika činnosti</subfield>
  </datafield>
  <datafield tag="678" ind1="0" ind2=" ">
    <subfield code="a">Narozen 2.3. 1914 v Zadních Zborovicích, zemřel 8.9. 1943 v Berlíně. Dobrovolník španělské občanské války, předválečný člen Komunistické strany, člen odbojového hnutí. Byl zatčen společně s Juliem Fučíkem a odsouzen k trestu smrti. Je znám jako "Mirek" z Fučíkovi Reportáže, psané na oprátce.</subfield>
  </datafield>
  <datafield tag="906" ind1=" " ind2=" ">
    <subfield code="a">za20201020</subfield>
    <subfield code="b">uclph</subfield>
  </datafield>
</record>