

<record>
  <leader>     nz  a22     n  4500</leader>
  <controlfield tag="001">jo20201089757</controlfield>
  <controlfield tag="003">CZ PrNK</controlfield>
  <controlfield tag="005">20201020140003.0</controlfield>
  <controlfield tag="008">201020|n|aznnnaabn           n a|a      </controlfield>
  <datafield tag="040" ind1=" " ind2=" ">
    <subfield code="a">ABA001</subfield>
    <subfield code="b">cze</subfield>
    <subfield code="e">rda</subfield>
  </datafield>
  <datafield tag="046" ind1=" " ind2=" ">
    <subfield code="g">1946</subfield>
  </datafield>
  <datafield tag="100" ind1="1" ind2=" ">
    <subfield code="a">Voith, Heinrich,</subfield>
    <subfield code="d">-1946</subfield>
    <subfield code="7">jo20201089757</subfield>
  </datafield>
  <datafield tag="368" ind1=" " ind2=" ">
    <subfield code="d">Dr.</subfield>
  </datafield>
  <datafield tag="370" ind1=" " ind2=" ">
    <subfield code="b">Třemošná, Česko</subfield>
    <subfield code="c">Česko</subfield>
    <subfield code="f">Stod, Česko</subfield>
  </datafield>
  <datafield tag="372" ind1=" " ind2=" ">
    <subfield code="a">geografie</subfield>
    <subfield code="a">demografie</subfield>
    <subfield code="a">antropologie</subfield>
    <subfield code="a">sociální dějiny</subfield>
  </datafield>
  <datafield tag="374" ind1=" " ind2=" ">
    <subfield code="a">středoškolští učitelé</subfield>
  </datafield>
  <datafield tag="375" ind1=" " ind2=" ">
    <subfield code="a">muž</subfield>
  </datafield>
  <datafield tag="377" ind1=" " ind2=" ">
    <subfield code="a">ger</subfield>
  </datafield>
  <datafield tag="670" ind1=" " ind2=" ">
    <subfield code="a">Voith, Heinrich: Verschiebung der Sprachgrenze von 1880 bis 1910, [1910?]</subfield>
    <subfield code="b">autoritní forma</subfield>
  </datafield>
  <datafield tag="670" ind1=" " ind2=" ">
    <subfield code="a">www(Die opfer Tschechischer Gewalt nach dem Mai 1945 im Landkreise Mies und aus der Stadt Pilsen)</subfield>
    <subfield code="b">datum a místo úmrtí, profesní údaje, místo pobytu</subfield>
    <subfield code="u">http://www.westboehmen.de/archiv/Tote_Mies.pdf</subfield>
  </datafield>
  <datafield tag="670" ind1=" " ind2=" ">
    <subfield code="a">www(Škrletová, Veronika: Die Deutsche Landeskundliche Zeitschrift unsere Westböhmische Heimat udn ihr Voränger : bachelorarbeit), cit. 20. 10. 2020</subfield>
    <subfield code="b">profesní údaje</subfield>
  </datafield>
  <datafield tag="675" ind1=" " ind2=" ">
    <subfield code="a">DNB, cit. 20. 10. 2020</subfield>
  </datafield>
  <datafield tag="678" ind1="0" ind2=" ">
    <subfield code="a">Zemřel 11. 1. 1946 v Třemošné. Středoškolský učitel, působil na Plzeňsku, zaměření na geografická a antropologická témata.</subfield>
  </datafield>
  <datafield tag="906" ind1=" " ind2=" ">
    <subfield code="a">br20201020</subfield>
    <subfield code="b">pepe</subfield>
  </datafield>
</record>