

<record>
  <leader>     nz  a22     n  4500</leader>
  <datafield tag="900" ind1=" " ind2=" ">
    <subfield code="a">J-NÁVRH-STT</subfield>
  </datafield>
  <controlfield tag="001">ntk20201089763</controlfield>
  <controlfield tag="003">CZ PrNK</controlfield>
  <controlfield tag="005">20201020141127.0</controlfield>
  <controlfield tag="008">201020|n|aznnnaabn           n a|a      </controlfield>
  <datafield tag="024" ind1="7" ind2=" ">
    <subfield code="a">0000000061488119</subfield>
    <subfield code="2">isni</subfield>
  </datafield>
  <datafield tag="024" ind1="7" ind2=" ">
    <subfield code="a">Q19946244</subfield>
    <subfield code="2">wikidata</subfield>
  </datafield>
  <datafield tag="040" ind1=" " ind2=" ">
    <subfield code="a">ABA013</subfield>
    <subfield code="b">cze</subfield>
    <subfield code="e">rda</subfield>
  </datafield>
  <datafield tag="046" ind1=" " ind2=" ">
    <subfield code="f">1687</subfield>
    <subfield code="g">1766</subfield>
  </datafield>
  <datafield tag="100" ind1="1" ind2=" ">
    <subfield code="a">Wiedeburg, Johann Bernhard,</subfield>
    <subfield code="d">1687-1766</subfield>
    <subfield code="7">ntk20201089763</subfield>
  </datafield>
  <datafield tag="368" ind1=" " ind2=" ">
    <subfield code="d">Professor für Mathematik</subfield>
    <subfield code="s">1717</subfield>
  </datafield>
  <datafield tag="368" ind1=" " ind2=" ">
    <subfield code="d">Magister der Philosophie</subfield>
    <subfield code="s">1710</subfield>
  </datafield>
  <datafield tag="370" ind1=" " ind2=" ">
    <subfield code="a">Helmstedt, Německo</subfield>
    <subfield code="b">Jena, Německo</subfield>
    <subfield code="c">Německo</subfield>
    <subfield code="f">Jena, Německo</subfield>
    <subfield code="f">Helmstedt, Německo</subfield>
  </datafield>
  <datafield tag="372" ind1=" " ind2=" ">
    <subfield code="a">evangelická teologie</subfield>
    <subfield code="a">matematika</subfield>
    <subfield code="a">analytická geometrie</subfield>
    <subfield code="a">infinitezimální počet</subfield>
    <subfield code="a">astronomie</subfield>
    <subfield code="a">filozofie</subfield>
  </datafield>
  <datafield tag="374" ind1=" " ind2=" ">
    <subfield code="a">evangeličtí teologové</subfield>
    <subfield code="a">matematici</subfield>
    <subfield code="a">astronomové</subfield>
    <subfield code="a">filozofové</subfield>
    <subfield code="a">vysokoškolští učitelé</subfield>
    <subfield code="a">vedoucí pracovníci</subfield>
  </datafield>
  <datafield tag="375" ind1=" " ind2=" ">
    <subfield code="a">muž</subfield>
  </datafield>
  <datafield tag="377" ind1=" " ind2=" ">
    <subfield code="a">lat</subfield>
    <subfield code="a">ger</subfield>
  </datafield>
  <datafield tag="400" ind1="1" ind2=" ">
    <subfield code="a">Wiedeburg, Johannes Bernhard,</subfield>
    <subfield code="d">1687-1766</subfield>
    <subfield code="0">o</subfield>
  </datafield>
  <datafield tag="400" ind1="1" ind2=" ">
    <subfield code="a">Wideburg, Johann Bernhard,</subfield>
    <subfield code="d">1687-1766</subfield>
    <subfield code="0">o</subfield>
  </datafield>
  <datafield tag="400" ind1="1" ind2=" ">
    <subfield code="a">Wideburg, Johannes Bernhardus,</subfield>
    <subfield code="d">1687-1766</subfield>
    <subfield code="0">o</subfield>
  </datafield>
  <datafield tag="400" ind1="1" ind2=" ">
    <subfield code="a">Wideburg, Joannes Bernhardus,</subfield>
    <subfield code="d">1687-1766</subfield>
    <subfield code="0">o</subfield>
  </datafield>
  <datafield tag="400" ind1="1" ind2=" ">
    <subfield code="a">Wideburg, Joh. Behr.,</subfield>
    <subfield code="d">1687-1766</subfield>
    <subfield code="0">o</subfield>
  </datafield>
  <datafield tag="400" ind1="1" ind2=" ">
    <subfield code="a">Wideburgus, Johannes Bernardus,</subfield>
    <subfield code="d">1687-1766</subfield>
    <subfield code="0">o</subfield>
  </datafield>
  <datafield tag="400" ind1="1" ind2=" ">
    <subfield code="a">Wideburgius, Johannes Bernhardus,</subfield>
    <subfield code="d">1687-1766</subfield>
    <subfield code="0">o</subfield>
  </datafield>
  <datafield tag="400" ind1="1" ind2=" ">
    <subfield code="a">Wideburgius, Joannes Bernhardus,</subfield>
    <subfield code="d">1687-1766</subfield>
    <subfield code="0">o</subfield>
  </datafield>
  <datafield tag="400" ind1="1" ind2=" ">
    <subfield code="a">Wideburgius, Jo. Bernhardus,</subfield>
    <subfield code="d">1687-1766</subfield>
    <subfield code="0">o</subfield>
  </datafield>
  <datafield tag="400" ind1="1" ind2=" ">
    <subfield code="a">Wideburgius, Io. Bernhardus,</subfield>
    <subfield code="d">1687-1766</subfield>
    <subfield code="0">o</subfield>
  </datafield>
  <datafield tag="400" ind1="1" ind2=" ">
    <subfield code="a">Wideburgius, Johannes Behrenhardus,</subfield>
    <subfield code="d">1687-1766</subfield>
    <subfield code="0">o</subfield>
  </datafield>
  <datafield tag="667" ind1=" " ind2=" ">
    <subfield code="a">http://d-nb.info/gnd/100697771.</subfield>
  </datafield>
  <datafield tag="670" ind1=" " ind2=" ">
    <subfield code="a">Einleitung zu denen Mathematischen Wissenschaften Für Anfänger Auf hohen und niedrigen Schulen: ... Durch Joh. Bernhard Wiedeburg ... JENA: Verlegts Joh. Meyers seel. Witwe, 1725</subfield>
    <subfield code="b">odkaz viz</subfield>
    <subfield code="u">http://books.google.cz/books?vid=NKP:1003291017</subfield>
  </datafield>
  <datafield tag="670" ind1=" " ind2=" ">
    <subfield code="a">DNB, cit. 20. 10. 2020</subfield>
    <subfield code="b">autoritní forma, odkazy viz, datum a místo narození a úmrtí</subfield>
    <subfield code="u">http://d-nb.info/gnd/100697771</subfield>
  </datafield>
  <datafield tag="670" ind1=" " ind2=" ">
    <subfield code="a">www(Wikipedia, the Free Encyclopedie), cit. 20. 10. 2020</subfield>
    <subfield code="b">biografické a profesní údaje</subfield>
    <subfield code="u">https://de.wikipedia.org/wiki/Johann_Bernhard_Wiedeburg</subfield>
  </datafield>
  <datafield tag="678" ind1="0" ind2=" ">
    <subfield code="a">Německý matematik, astronom a evangelický teolog. Od r. 1717 působil jako profesor filozofie a matematiky na „Academia Julia“ (pozdější univerzitě v Helmstedtu), od r. 1718 pak na „Hohe Schule“ (pozdější univerzitě v Jeně), na které byl i prorektorem v letech 1728-1737. Byl synem matematika Christopha Tobiasa Wiedeburga (1647-1717).</subfield>
  </datafield>
  <datafield tag="906" ind1=" " ind2=" ">
    <subfield code="a">za20201020</subfield>
    <subfield code="b">evbr</subfield>
  </datafield>
  <datafield tag="906" ind1=" " ind2=" ">
    <subfield code="a">ko20201020</subfield>
    <subfield code="b">evbr</subfield>
  </datafield>
</record>