

<record>
  <leader>     nz  a22     n  4500</leader>
  <controlfield tag="001">xx0253009</controlfield>
  <controlfield tag="003">CZ PrNK</controlfield>
  <controlfield tag="005">20201021095850.0</controlfield>
  <controlfield tag="008">201020|n|aznnnaabn           n a|a      </controlfield>
  <datafield tag="040" ind1=" " ind2=" ">
    <subfield code="a">ABA008</subfield>
    <subfield code="b">cze</subfield>
    <subfield code="d">ABA001</subfield>
    <subfield code="e">rda</subfield>
  </datafield>
  <datafield tag="100" ind1="1" ind2=" ">
    <subfield code="a">Krupicová, Hana</subfield>
    <subfield code="7">xx0253009</subfield>
  </datafield>
  <datafield tag="368" ind1=" " ind2=" ">
    <subfield code="d">MUDr.</subfield>
    <subfield code="s">1985</subfield>
  </datafield>
  <datafield tag="370" ind1=" " ind2=" ">
    <subfield code="c">Česko</subfield>
  </datafield>
  <datafield tag="372" ind1=" " ind2=" ">
    <subfield code="a">lékařství</subfield>
    <subfield code="a">chirurgie</subfield>
  </datafield>
  <datafield tag="374" ind1=" " ind2=" ">
    <subfield code="a">lékařky</subfield>
    <subfield code="a">chirurgyně</subfield>
  </datafield>
  <datafield tag="375" ind1=" " ind2=" ">
    <subfield code="a">žena</subfield>
  </datafield>
  <datafield tag="377" ind1=" " ind2=" ">
    <subfield code="a">cze</subfield>
    <subfield code="a">eng</subfield>
  </datafield>
  <datafield tag="670" ind1=" " ind2=" ">
    <subfield code="a">Krupicová, H.: Mutilating electrotrauma - case report. Acta chirurgiae plasticae (English ed.), 2008, roč. 50, č. 1, s. 11-15.</subfield>
    <subfield code="b">pracoviště</subfield>
  </datafield>
  <datafield tag="670" ind1=" " ind2=" ">
    <subfield code="a">www(Česká lékařská komora), cit. 20. 10. 2020</subfield>
    <subfield code="b">jméno, titul a rok získání MUDr., specializace</subfield>
  </datafield>
  <datafield tag="678" ind1="0" ind2=" ">
    <subfield code="a">MUDr., chirurgyně (Klinika popálenin a plastické chirurgie, Fakultní nemocnice, Brno).</subfield>
  </datafield>
  <datafield tag="906" ind1=" " ind2=" ">
    <subfield code="a">za20201020</subfield>
    <subfield code="b">xdapi</subfield>
  </datafield>
  <datafield tag="906" ind1=" " ind2=" ">
    <subfield code="a">fr20201021</subfield>
    <subfield code="b">lisi</subfield>
  </datafield>
</record>