

<record>
  <leader>     nz  a22     n  4500</leader>
  <datafield tag="900" ind1=" " ind2=" ">
    <subfield code="a">*J-NÁVRH</subfield>
  </datafield>
  <controlfield tag="001">av20201089783</controlfield>
  <controlfield tag="003">CZ PrNK</controlfield>
  <controlfield tag="005">20201020150501.0</controlfield>
  <controlfield tag="008">201020|n|aznnnaabn           n a|a      </controlfield>
  <datafield tag="040" ind1=" " ind2=" ">
    <subfield code="a">ABB060</subfield>
    <subfield code="b">cze</subfield>
    <subfield code="e">rda</subfield>
  </datafield>
  <datafield tag="046" ind1=" " ind2=" ">
    <subfield code="f">1887</subfield>
    <subfield code="g">1946</subfield>
  </datafield>
  <datafield tag="100" ind1="1" ind2=" ">
    <subfield code="a">Kasărova, Ljuba František,</subfield>
    <subfield code="d">1887-1946</subfield>
    <subfield code="7">av20201089783</subfield>
  </datafield>
  <datafield tag="370" ind1=" " ind2=" ">
    <subfield code="c">Bulharsko</subfield>
    <subfield code="c">Česko</subfield>
  </datafield>
  <datafield tag="372" ind1=" " ind2=" ">
    <subfield code="a">krajanské spolky a organizace</subfield>
    <subfield code="a">národnostní menšiny</subfield>
    <subfield code="a">publicistika</subfield>
    <subfield code="a">poezie</subfield>
    <subfield code="a">překladatelství</subfield>
  </datafield>
  <datafield tag="374" ind1=" " ind2=" ">
    <subfield code="a">publicistky</subfield>
    <subfield code="a">básnířky</subfield>
    <subfield code="a">překladatelky</subfield>
  </datafield>
  <datafield tag="375" ind1=" " ind2=" ">
    <subfield code="a">žena</subfield>
  </datafield>
  <datafield tag="377" ind1=" " ind2=" ">
    <subfield code="a">bul</subfield>
  </datafield>
  <datafield tag="400" ind1="1" ind2=" ">
    <subfield code="a">Splítková-Kasarová, Ljuba,</subfield>
    <subfield code="d">1887-1946</subfield>
    <subfield code="0">o</subfield>
  </datafield>
  <datafield tag="400" ind1="1" ind2=" ">
    <subfield code="a">Kasarová, Ljuba Splítková-,</subfield>
    <subfield code="d">1887-1946</subfield>
    <subfield code="0">o</subfield>
  </datafield>
  <datafield tag="400" ind1="1" ind2=" ">
    <subfield code="a">Splítková, Libuše,</subfield>
    <subfield code="d">1887-1946</subfield>
    <subfield code="0">o</subfield>
  </datafield>
  <datafield tag="670" ind1=" " ind2=" ">
    <subfield code="a">CONOR.BG, cit. 20.10. 2020</subfield>
    <subfield code="b">autoritní forma, rok narození a úmrtí</subfield>
  </datafield>
  <datafield tag="670" ind1=" " ind2=" ">
    <subfield code="a">Bečvářová, Martina: František Vítězslav Splítek (1855-1943). In: České kořeny bulharské matematiky. Praha: Matfyzpress, 2009. s. 81-107.</subfield>
    <subfield code="b">odkazy viz, charakteristika činnosti</subfield>
  </datafield>
  <datafield tag="678" ind1="0" ind2=" ">
    <subfield code="a">Bulharská básnířka s českými kořeny. Členka Spolku bulharsko-československé vzájemnosti v Sofii. Zde přednášela popularizačně vzdělávací přednášky, organizovala besedy, kulturní akce apod. Pravidelně přispívala do spolkového časopisu kde informovala o kulturních a vzdělávacích aktivitách české menšiny v Bulharsku a o událostech v Čechách. Též básnířka a překladatelka.</subfield>
  </datafield>
  <datafield tag="906" ind1=" " ind2=" ">
    <subfield code="a">za20201020</subfield>
    <subfield code="b">uclph</subfield>
  </datafield>
</record>

<record>
  <leader>     nz  a22     n  4500</leader>
  <controlfield tag="001">ch1089784</controlfield>
  <controlfield tag="003">CZ PrNK</controlfield>
  <controlfield tag="005">20201020151519.0</controlfield>
  <controlfield tag="008">080612|n|anznnbabn           n a|a      </controlfield>
  <datafield tag="040" ind1=" " ind2=" ">
    <subfield code="a">ABA001</subfield>
    <subfield code="b">cze</subfield>
  </datafield>
  <datafield tag="045" ind1=" " ind2=" ">
    <subfield code="a">x8x8</subfield>
  </datafield>
  <datafield tag="148" ind1=" " ind2=" ">
    <subfield code="a">1980-1981</subfield>
    <subfield code="7">ch1089784</subfield>
  </datafield>
  <datafield tag="680" ind1=" " ind2=" ">
    <subfield code="i">Dějiny Polska v období krize komunistického režimu.</subfield>
  </datafield>
  <datafield tag="906" ind1=" " ind2=" ">
    <subfield code="a">wp20201020</subfield>
    <subfield code="b">irpi</subfield>
  </datafield>
</record>