

<record>
  <leader>     cz  a22     n  4500</leader>
  <controlfield tag="001">ntk20201089807</controlfield>
  <controlfield tag="003">CZ PrNK</controlfield>
  <controlfield tag="005">20201021074517.0</controlfield>
  <controlfield tag="008">201020|n|aznnnaabn           n a|a      </controlfield>
  <datafield tag="040" ind1=" " ind2=" ">
    <subfield code="a">ABA013</subfield>
    <subfield code="b">cze</subfield>
    <subfield code="d">ABA001</subfield>
    <subfield code="e">rda</subfield>
  </datafield>
  <datafield tag="046" ind1=" " ind2=" ">
    <subfield code="s">1710</subfield>
    <subfield code="t">1734</subfield>
  </datafield>
  <datafield tag="100" ind1="1" ind2=" ">
    <subfield code="a">Meyer, Dorothea Margarethe,</subfield>
    <subfield code="d">činná 1710-1734</subfield>
    <subfield code="7">ntk20201089807</subfield>
  </datafield>
  <datafield tag="370" ind1=" " ind2=" ">
    <subfield code="c">Německo</subfield>
  </datafield>
  <datafield tag="370" ind1=" " ind2=" ">
    <subfield code="f">Jena, Německo</subfield>
    <subfield code="s">1710</subfield>
    <subfield code="t">1734</subfield>
  </datafield>
  <datafield tag="372" ind1=" " ind2=" ">
    <subfield code="a">nakladatelství a vydavatelství</subfield>
    <subfield code="a">vydavatelská činnost</subfield>
    <subfield code="a">knižní kultura</subfield>
    <subfield code="a">knižní obchod</subfield>
    <subfield code="a">prodej publikací</subfield>
  </datafield>
  <datafield tag="374" ind1=" " ind2=" ">
    <subfield code="a">nakladatelky a vydavatelky</subfield>
    <subfield code="a">knihkupkyně</subfield>
  </datafield>
  <datafield tag="375" ind1=" " ind2=" ">
    <subfield code="a">žena</subfield>
  </datafield>
  <datafield tag="377" ind1=" " ind2=" ">
    <subfield code="a">lat</subfield>
    <subfield code="a">ger</subfield>
  </datafield>
  <datafield tag="400" ind1="1" ind2=" ">
    <subfield code="a">Mayer, Johann,</subfield>
    <subfield code="c">wed.,</subfield>
    <subfield code="d">činná 1710-1734</subfield>
    <subfield code="0">o</subfield>
  </datafield>
  <datafield tag="400" ind1="1" ind2=" ">
    <subfield code="a">Meyer, Johann,</subfield>
    <subfield code="c">Witwe,</subfield>
    <subfield code="d">činná 1710-1734</subfield>
    <subfield code="0">o</subfield>
  </datafield>
  <datafield tag="400" ind1="1" ind2=" ">
    <subfield code="a">Meyer, Joh.,</subfield>
    <subfield code="c">Witwe,</subfield>
    <subfield code="d">činná 1710-1734</subfield>
    <subfield code="0">o</subfield>
  </datafield>
  <datafield tag="400" ind1="1" ind2=" ">
    <subfield code="a">Meyer, Johann,</subfield>
    <subfield code="c">Wittbe,</subfield>
    <subfield code="d">činná 1710-1734</subfield>
    <subfield code="0">o</subfield>
  </datafield>
  <datafield tag="400" ind1="1" ind2=" ">
    <subfield code="a">Mayer, Johann,</subfield>
    <subfield code="c">Vidua,</subfield>
    <subfield code="d">činná 1710-1734</subfield>
    <subfield code="0">o</subfield>
  </datafield>
  <datafield tag="400" ind1="1" ind2=" ">
    <subfield code="a">Meyer, Johann,</subfield>
    <subfield code="c">Vidua,</subfield>
    <subfield code="d">činná 1710-1734</subfield>
    <subfield code="0">o</subfield>
  </datafield>
  <datafield tag="400" ind1="0" ind2=" ">
    <subfield code="a">Meyeriana,</subfield>
    <subfield code="c">wed,</subfield>
    <subfield code="d">činná 1710-1734</subfield>
    <subfield code="0">o</subfield>
  </datafield>
  <datafield tag="400" ind1="0" ind2=" ">
    <subfield code="a">Vidua Mayer,</subfield>
    <subfield code="d">činná 1710-1734</subfield>
    <subfield code="0">o</subfield>
  </datafield>
  <datafield tag="400" ind1="0" ind2=" ">
    <subfield code="a">Vidua Meyer,</subfield>
    <subfield code="d">činná 1710-1734</subfield>
    <subfield code="0">o</subfield>
  </datafield>
  <datafield tag="400" ind1="0" ind2=" ">
    <subfield code="a">Vidua Mayeriana,</subfield>
    <subfield code="d">činná 1710-1734</subfield>
    <subfield code="0">o</subfield>
  </datafield>
  <datafield tag="400" ind1="0" ind2=" ">
    <subfield code="a">Vidua B. Mayeri,</subfield>
    <subfield code="d">činná 1710-1734</subfield>
    <subfield code="0">o</subfield>
  </datafield>
  <datafield tag="400" ind1="0" ind2=" ">
    <subfield code="a">Vidua Johannis Meieri,</subfield>
    <subfield code="d">činná 1710-1734</subfield>
    <subfield code="0">o</subfield>
  </datafield>
  <datafield tag="400" ind1="0" ind2=" ">
    <subfield code="a">Wed. Meyerianae,</subfield>
    <subfield code="d">činná 1710-1734</subfield>
    <subfield code="0">o</subfield>
  </datafield>
  <datafield tag="400" ind1="0" ind2=" ">
    <subfield code="a">Joh. Meyers seel. Witwe,</subfield>
    <subfield code="d">činná 1710-1734</subfield>
    <subfield code="0">o</subfield>
  </datafield>
  <datafield tag="510" ind1="2" ind2=" ">
    <subfield code="a">Meyerische Buchhandlung (Jena, Německo)</subfield>
    <subfield code="7">ntk20201089814</subfield>
  </datafield>
  <datafield tag="665" ind1=" " ind2=" ">
    <subfield code="a">Vlastněná firma: Meyerische Buchhandlung (Jena, Německo).</subfield>
  </datafield>
  <datafield tag="667" ind1=" " ind2=" ">
    <subfield code="a">http://d-nb.info/gnd/1037505050.</subfield>
  </datafield>
  <datafield tag="670" ind1=" " ind2=" ">
    <subfield code="a">Einleitung zu denen Mathematischen Wissenschaften Für Anfänger Auf hohen und niedrigen Schulen: ... Durch Joh. Bernhard Wiedeburg ... JENA: Verlegts Joh. Meyers seel. Witwe, 1725</subfield>
    <subfield code="b">odkaz viz</subfield>
    <subfield code="u">http://books.google.cz/books?vid=NKP:1003291017</subfield>
  </datafield>
  <datafield tag="670" ind1=" " ind2=" ">
    <subfield code="a">DNB, cit. 20. 10. 2020</subfield>
    <subfield code="b">autoritní forma, odkazy viz, data a místo činnosti</subfield>
    <subfield code="u">http://d-nb.info/gnd/1037505050</subfield>
  </datafield>
  <datafield tag="678" ind1="0" ind2=" ">
    <subfield code="a">Německá nakladatelka, činná v Jeně v letech 1710-1734. Navázala na činnost svého zemřelého manžela nakladatele Johanna Meyera (-1709). V uvedených letech také založila a řídila vlastní firmu „Meyerische Buchhandlung (Jena, Německo)“. Od r. 1734 ve vedení a činnosti firmy pokračovali dědicové v rámci společnosti „Johann Meyer Erben (Jena), a to až do r. 1749.</subfield>
  </datafield>
  <datafield tag="906" ind1=" " ind2=" ">
    <subfield code="a">za20201020</subfield>
    <subfield code="b">evbr</subfield>
  </datafield>
  <datafield tag="906" ind1=" " ind2=" ">
    <subfield code="a">ko20201020</subfield>
    <subfield code="b">evbr</subfield>
  </datafield>
  <datafield tag="906" ind1=" " ind2=" ">
    <subfield code="a">op20201021</subfield>
    <subfield code="b">lisi</subfield>
    <subfield code="c">Viz - formální opravy</subfield>
  </datafield>
</record>