

<record>
  <leader>     nz  a22     n  4500</leader>
  <datafield tag="900" ind1=" " ind2=" ">
    <subfield code="a">K-NÁVRH-STT</subfield>
  </datafield>
  <controlfield tag="001">ntk20201089814</controlfield>
  <controlfield tag="003">CZ PrNK</controlfield>
  <controlfield tag="005">20201021095214.0</controlfield>
  <controlfield tag="008">201020|n|aznnnaabn           n a|a      </controlfield>
  <datafield tag="040" ind1=" " ind2=" ">
    <subfield code="a">ABA013</subfield>
    <subfield code="b">cze</subfield>
    <subfield code="e">rda</subfield>
  </datafield>
  <datafield tag="110" ind1="2" ind2=" ">
    <subfield code="a">Meyerische Buchhandlung (Jena, Německo)</subfield>
    <subfield code="7">ntk20201089814</subfield>
  </datafield>
  <datafield tag="368" ind1=" " ind2=" ">
    <subfield code="a">knihkupectví</subfield>
    <subfield code="a">firmy</subfield>
  </datafield>
  <datafield tag="370" ind1=" " ind2=" ">
    <subfield code="c">Německo</subfield>
    <subfield code="e">Jena, Německo</subfield>
    <subfield code="s">1710</subfield>
    <subfield code="t">1734</subfield>
  </datafield>
  <datafield tag="372" ind1=" " ind2=" ">
    <subfield code="a">knižní produkce</subfield>
    <subfield code="a">knižní kultura</subfield>
    <subfield code="a">knižní obchod</subfield>
    <subfield code="a">prodej publikací</subfield>
  </datafield>
  <datafield tag="377" ind1=" " ind2=" ">
    <subfield code="a">ger</subfield>
    <subfield code="a">lat</subfield>
  </datafield>
  <datafield tag="410" ind1="2" ind2=" ">
    <subfield code="a">Meyerische Handlung</subfield>
    <subfield code="0">o</subfield>
  </datafield>
  <datafield tag="410" ind1="2" ind2=" ">
    <subfield code="a">Meyerischer Buch-Laden</subfield>
    <subfield code="0">o</subfield>
  </datafield>
  <datafield tag="410" ind1="2" ind2=" ">
    <subfield code="a">Meyerischer Buchladen</subfield>
    <subfield code="0">o</subfield>
  </datafield>
  <datafield tag="410" ind1="2" ind2=" ">
    <subfield code="a">Mayerische Buchhandlung (Jena, Německo)</subfield>
    <subfield code="0">o</subfield>
  </datafield>
  <datafield tag="410" ind1="2" ind2=" ">
    <subfield code="a">Dorothea Margareta Meyer (firma)</subfield>
    <subfield code="0">o</subfield>
  </datafield>
  <datafield tag="410" ind1="2" ind2=" ">
    <subfield code="a">Meyer (firma : Jena, Německo : Meyerische Buchhandlung)</subfield>
    <subfield code="0">o</subfield>
  </datafield>
  <datafield tag="500" ind1="1" ind2=" ">
    <subfield code="a">Meyer, Dorothea Margarethe,</subfield>
    <subfield code="d">činná 1710-1734</subfield>
    <subfield code="7">ntk20201089807</subfield>
  </datafield>
  <datafield tag="665" ind1=" " ind2=" ">
    <subfield code="a">Zakladatelka a majitelka firmy: Meyer, Dorothea Margarethe (činná 1710-1734).</subfield>
  </datafield>
  <datafield tag="667" ind1=" " ind2=" ">
    <subfield code="a">http://d-nb.info/gnd/1079946462.</subfield>
  </datafield>
  <datafield tag="667" ind1=" " ind2=" ">
    <subfield code="a">Nezaměňovat s německou firmou podobného jména „Meyersche Buchhandlung (Lemgo, Německo), činnou v letech 1710-1800.</subfield>
  </datafield>
  <datafield tag="670" ind1=" " ind2=" ">
    <subfield code="a">Gründliche Historie Von Denen Begebenheiten, Streitigkeiten und Trennungen, ... Vermehrt von Joachim Christian Jehring, ... JENA, Zu finden in den Meyerischen Buch-Laden, 1720</subfield>
    <subfield code="b">odkaz viz</subfield>
    <subfield code="u">http://mdz-nbn-resolving.de/urn:nbn:de:bvb:12-bsb10449547-5</subfield>
  </datafield>
  <datafield tag="670" ind1=" " ind2=" ">
    <subfield code="a">DNB, cit. 20. 10. 2020</subfield>
    <subfield code="b">autoritní forma, odkazy viz, odkaz viz též, data a místo činnosti, údaje o firmě</subfield>
    <subfield code="u">http://d-nb.info/gnd/1079946462</subfield>
  </datafield>
  <datafield tag="675" ind1=" " ind2=" ">
    <subfield code="a">LC (Names), cit. 20. 10. 2020</subfield>
  </datafield>
  <datafield tag="678" ind1=" " ind2=" ">
    <subfield code="a">Německé knihkupectví a nakladatelství, činné v Jeně v letech 1710-1734. Firmu založila a řídila Dorothea Margareta Meyerová, vdova po nakladateli a knihkupci Johannovi Meyerovi (-1709). Od r. 1734 ve vedení a činnosti firmy pokračovali dědicové v rámci společnosti „Johann Meyer Erben (Jena, Německo)", a to až do r. 1749.</subfield>
  </datafield>
  <datafield tag="906" ind1=" " ind2=" ">
    <subfield code="a">za20201020</subfield>
    <subfield code="b">evbr</subfield>
  </datafield>
  <datafield tag="906" ind1=" " ind2=" ">
    <subfield code="a">ko20201020</subfield>
    <subfield code="b">evbr</subfield>
  </datafield>
</record>