

<record>
  <leader>     nz  a22     n  4500</leader>
  <controlfield tag="001">ko20201089815</controlfield>
  <controlfield tag="003">CZ PrNK</controlfield>
  <controlfield tag="005">20201022153046.0</controlfield>
  <controlfield tag="008">201020|n|aznnnaabn           n a|a      </controlfield>
  <datafield tag="040" ind1=" " ind2=" ">
    <subfield code="a">ABA001</subfield>
    <subfield code="b">cze</subfield>
    <subfield code="e">rda</subfield>
  </datafield>
  <datafield tag="110" ind1="2" ind2=" ">
    <subfield code="a">Bodleian Library.</subfield>
    <subfield code="k">Rukopis.</subfield>
    <subfield code="n">MS Opp. 585</subfield>
    <subfield code="7">ko20201089815</subfield>
  </datafield>
  <datafield tag="670" ind1=" " ind2=" ">
    <subfield code="a">Jana Tomešová: Bůh Abrahamův versus Bůh Aristotelův : hebrejský středověký Dopis proti filosofii z pera anonymního autora</subfield>
  </datafield>
  <datafield tag="678" ind1=" " ind2=" ">
    <subfield code="a">Hebrejský rukopis z 15. století obsahující texty kabalistického a filozofického charakteru. Pochází se sbírky pražského rabína Davida ben Abrahama Oppenheima (1664-1736).</subfield>
  </datafield>
  <datafield tag="906" ind1=" " ind2=" ">
    <subfield code="a">za20201020</subfield>
    <subfield code="b">evko</subfield>
  </datafield>
</record>