

<record>
  <leader>     nz  a22     n  4500</leader>
  <controlfield tag="001">kon20201089816</controlfield>
  <controlfield tag="003">CZ PrNK</controlfield>
  <controlfield tag="005">20201021102034.0</controlfield>
  <controlfield tag="008">201020|n|aznnnaabn           n a|a      </controlfield>
  <datafield tag="040" ind1=" " ind2=" ">
    <subfield code="a">ABA001</subfield>
    <subfield code="b">cze</subfield>
    <subfield code="e">rda</subfield>
  </datafield>
  <datafield tag="110" ind1="2" ind2=" ">
    <subfield code="a">Evropská unie.</subfield>
    <subfield code="t">Insolvency regulation (2015)</subfield>
    <subfield code="7">kon20201089816</subfield>
  </datafield>
  <datafield tag="410" ind1="2" ind2=" ">
    <subfield code="a">Evropská unie.</subfield>
    <subfield code="t">Regulation on insolvency proceedings (2015)</subfield>
    <subfield code="0">o</subfield>
  </datafield>
  <datafield tag="410" ind1="2" ind2=" ">
    <subfield code="a">Evropská unie.</subfield>
    <subfield code="t">Regulation (EU) 2015/848 of the European Parliament and of the Council of 20 May 2015 on insolvency proceedings</subfield>
    <subfield code="0">o</subfield>
  </datafield>
  <datafield tag="410" ind1="2" ind2=" ">
    <subfield code="a">Evropská unie.</subfield>
    <subfield code="t">Regulation 2015/848 on insolvency proceedings</subfield>
    <subfield code="0">o</subfield>
  </datafield>
  <datafield tag="410" ind1="2" ind2=" ">
    <subfield code="a">Evropská unie.</subfield>
    <subfield code="t">Recast insolvency regulation (2015)</subfield>
    <subfield code="0">o</subfield>
  </datafield>
  <datafield tag="410" ind1="2" ind2=" ">
    <subfield code="a">Evropský parlament.</subfield>
    <subfield code="t">Insolvency regulation (2015)</subfield>
    <subfield code="0">o</subfield>
  </datafield>
  <datafield tag="670" ind1=" " ind2=" ">
    <subfield code="a">LC, cit. 20. 10. 2020</subfield>
  </datafield>
  <datafield tag="670" ind1=" " ind2=" ">
    <subfield code="a">www(Wikipedia, the free encyclopedia), cit. 20. 10. 2020</subfield>
  </datafield>
  <datafield tag="670" ind1=" " ind2=" ">
    <subfield code="a">Alexander J. Bělohlávek: EU and international insolvency proceedings :Regulation (EU) 2015/848 on insolvency proceedings : commentary. The Hague, The Netherlands : Lex Lata, [2020]</subfield>
  </datafield>
  <datafield tag="670" ind1=" " ind2=" ">
    <subfield code="a">www(Practical law - Thomson Reuters)</subfield>
  </datafield>
  <datafield tag="856" ind1="4" ind2="2">
    <subfield code="u">https://eur-lex.europa.eu/legal-content/EN/TXT/?uri=CELEX%3A32015R0848</subfield>
    <subfield code="4">N</subfield>
  </datafield>
  <datafield tag="906" ind1=" " ind2=" ">
    <subfield code="a">br20201020</subfield>
    <subfield code="b">blau</subfield>
  </datafield>
  <datafield tag="906" ind1=" " ind2=" ">
    <subfield code="a">ks20201021</subfield>
    <subfield code="b">jasv</subfield>
  </datafield>
</record>