

<record>
  <leader>     nz  a22     n  4500</leader>
  <controlfield tag="001">aun20201089819</controlfield>
  <controlfield tag="003">CZ PrNK</controlfield>
  <controlfield tag="005">20201020182449.0</controlfield>
  <controlfield tag="008">201020|n|aznnnaabn           n a|a      </controlfield>
  <datafield tag="040" ind1=" " ind2=" ">
    <subfield code="a">ABA001</subfield>
    <subfield code="b">cze</subfield>
    <subfield code="e">rda</subfield>
  </datafield>
  <datafield tag="100" ind1="1" ind2=" ">
    <subfield code="a">Sinapius-Horčička, Ján,</subfield>
    <subfield code="d">1625-1682.</subfield>
    <subfield code="t">Parva schola</subfield>
    <subfield code="7">aun20201089819</subfield>
  </datafield>
  <datafield tag="400" ind1="1" ind2=" ">
    <subfield code="a">Sinapius-Horčička, Ján,</subfield>
    <subfield code="d">1625-1682.</subfield>
    <subfield code="t">Parva schola in usum discipulorum Christi accommodata et disposita</subfield>
    <subfield code="0">o</subfield>
  </datafield>
  <datafield tag="670" ind1=" " ind2=" ">
    <subfield code="a">SNK, cit. 20. 10. 2020</subfield>
  </datafield>
  <datafield tag="670" ind1=" " ind2=" ">
    <subfield code="a">www(Wikipédia, slobodná encyklopédia), cit. 20. 10. 2020</subfield>
  </datafield>
  <datafield tag="670" ind1=" " ind2=" ">
    <subfield code="a">autorka štúdie: Klára Komorová: Parva schola. Martin : Slovenská národná knižnica, Odbor správy a spracovania HKD a HKF, 2019</subfield>
  </datafield>
  <datafield tag="906" ind1=" " ind2=" ">
    <subfield code="a">br20201020</subfield>
    <subfield code="b">blau</subfield>
  </datafield>
  <datafield tag="906" ind1=" " ind2=" ">
    <subfield code="a">ks20201020</subfield>
    <subfield code="b">blau</subfield>
  </datafield>
</record>