

<record>
  <leader>     nz  a22     n  4500</leader>
  <controlfield tag="001">aun20201089820</controlfield>
  <controlfield tag="003">CZ PrNK</controlfield>
  <controlfield tag="005">20201020183708.0</controlfield>
  <controlfield tag="008">201020|n|aznnnaabn           n a|a      </controlfield>
  <datafield tag="040" ind1=" " ind2=" ">
    <subfield code="a">ABA001</subfield>
    <subfield code="b">cze</subfield>
    <subfield code="e">rda</subfield>
  </datafield>
  <datafield tag="100" ind1="1" ind2=" ">
    <subfield code="a">Obručev, Vladimir Afanasjevič,</subfield>
    <subfield code="d">1863-1956.</subfield>
    <subfield code="t">Plutonija.</subfield>
    <subfield code="l">Česky</subfield>
    <subfield code="7">aun20201089820</subfield>
  </datafield>
  <datafield tag="400" ind1="1" ind2=" ">
    <subfield code="a">Obručev, Vladimir Afanasjevič,</subfield>
    <subfield code="d">1863-1956.</subfield>
    <subfield code="t">Plutonie</subfield>
    <subfield code="0">o</subfield>
  </datafield>
  <datafield tag="400" ind1="1" ind2=" ">
    <subfield code="a">Obručev, Vladimir Afanasjevič,</subfield>
    <subfield code="d">1863-1956.</subfield>
    <subfield code="t">Plutónie</subfield>
    <subfield code="0">o</subfield>
  </datafield>
  <datafield tag="400" ind1="1" ind2=" ">
    <subfield code="a">Obručev, Vladimir Afanasjevič,</subfield>
    <subfield code="d">1863-1956.</subfield>
    <subfield code="t">Zázračná země</subfield>
    <subfield code="0">o</subfield>
  </datafield>
  <datafield tag="670" ind1=" " ind2=" ">
    <subfield code="a">RSL, cit. 20. 10. 2020</subfield>
  </datafield>
  <datafield tag="670" ind1=" " ind2=" ">
    <subfield code="a">www(Wikipedie, otevřená encyklopedie), cit. 20. 10. 2020</subfield>
  </datafield>
  <datafield tag="670" ind1=" " ind2=" ">
    <subfield code="a">Vladimir Afanasjevič Obručev: Plutonie. V Praze : Albatros, 2020</subfield>
  </datafield>
  <datafield tag="906" ind1=" " ind2=" ">
    <subfield code="a">br20201020</subfield>
    <subfield code="b">blau</subfield>
  </datafield>
  <datafield tag="906" ind1=" " ind2=" ">
    <subfield code="a">ks20201020</subfield>
    <subfield code="b">blau</subfield>
  </datafield>
</record>