

<record>
  <leader>     nz  a22     n  4500</leader>
  <controlfield tag="001">kon20201089822</controlfield>
  <controlfield tag="003">CZ PrNK</controlfield>
  <controlfield tag="005">20201021074040.0</controlfield>
  <controlfield tag="008">201021|n|aznnnaabn           n a|a      </controlfield>
  <datafield tag="040" ind1=" " ind2=" ">
    <subfield code="a">ABA001</subfield>
    <subfield code="b">cze</subfield>
    <subfield code="e">rda</subfield>
  </datafield>
  <datafield tag="110" ind1="1" ind2=" ">
    <subfield code="a">Československo.</subfield>
    <subfield code="t">Zákon o úvěru pro živnostníky válkou poškozené (1919).</subfield>
    <subfield code="l">Německy</subfield>
    <subfield code="7">kon20201089822</subfield>
  </datafield>
  <datafield tag="370" ind1=" " ind2=" ">
    <subfield code="c">Československo</subfield>
  </datafield>
  <datafield tag="377" ind1=" " ind2=" ">
    <subfield code="a">ger</subfield>
  </datafield>
  <datafield tag="380" ind1=" " ind2=" ">
    <subfield code="a">zákony</subfield>
  </datafield>
  <datafield tag="410" ind1="1" ind2=" ">
    <subfield code="a">Československo.</subfield>
    <subfield code="t">Gesetz über die Kreditgewährung an kriegsgeschädigte Gewerbetreibende (1919)</subfield>
    <subfield code="0">o</subfield>
  </datafield>
  <datafield tag="670" ind1=" " ind2=" ">
    <subfield code="a">www(Eprávo.cz)</subfield>
  </datafield>
  <datafield tag="670" ind1=" " ind2=" ">
    <subfield code="a">Das Gesetz über die Kreditgewährung an kriegsgeschädigte Gewerbetreibende nebst der dazugehörigen Durchführungsverordnung und dem Organisationsstatut für Mähren. Reichenberg : Gebrüder Stiepel Gessellschaft m.b.H., 1919</subfield>
  </datafield>
  <datafield tag="678" ind1=" " ind2=" ">
    <subfield code="a">Zákon č. 276/1919 Sb. ze dne 23.5.1919 o úvěru pro živnostníky válkou poškozené z 5.6.1919.</subfield>
  </datafield>
  <datafield tag="906" ind1=" " ind2=" ">
    <subfield code="a">br20201021</subfield>
    <subfield code="b">juri</subfield>
  </datafield>
  <datafield tag="906" ind1=" " ind2=" ">
    <subfield code="a">ks20201021</subfield>
    <subfield code="b">juri</subfield>
  </datafield>
</record>