

<record>
  <leader>     nz  a22     n  4500</leader>
  <controlfield tag="001">aun20201089823</controlfield>
  <controlfield tag="003">CZ PrNK</controlfield>
  <controlfield tag="005">20201022084620.0</controlfield>
  <controlfield tag="008">201021|n|acnnnaabn           n a|a      </controlfield>
  <datafield tag="040" ind1=" " ind2=" ">
    <subfield code="a">OLA001</subfield>
    <subfield code="b">cze</subfield>
    <subfield code="d">ABA001</subfield>
  </datafield>
  <datafield tag="100" ind1="1" ind2=" ">
    <subfield code="a">Metastasio, Pietro,</subfield>
    <subfield code="d">1698-1782.</subfield>
    <subfield code="t">Demofoonte</subfield>
    <subfield code="7">aun20201089823</subfield>
  </datafield>
  <datafield tag="380" ind1=" " ind2=" ">
    <subfield code="a">operní libreta</subfield>
  </datafield>
  <datafield tag="400" ind1="1" ind2=" ">
    <subfield code="a">Metastasio, Pietro,</subfield>
    <subfield code="d">1698-1782.</subfield>
    <subfield code="t">Demofoonte, ré di Tracia</subfield>
    <subfield code="0">o</subfield>
  </datafield>
  <datafield tag="400" ind1="1" ind2=" ">
    <subfield code="a">Metastasio, Pietro,</subfield>
    <subfield code="d">1698-1782.</subfield>
    <subfield code="t">Démophon</subfield>
    <subfield code="0">o</subfield>
  </datafield>
  <datafield tag="400" ind1="1" ind2=" ">
    <subfield code="a">Metastasio, Pietro,</subfield>
    <subfield code="d">1698-1782.</subfield>
    <subfield code="t">Demophontes</subfield>
    <subfield code="0">o</subfield>
  </datafield>
  <datafield tag="400" ind1="1" ind2=" ">
    <subfield code="a">Metastasio, Pietro,</subfield>
    <subfield code="d">1698-1782.</subfield>
    <subfield code="t">Dirce, l'usurpatore innocente</subfield>
    <subfield code="0">o</subfield>
  </datafield>
  <datafield tag="670" ind1=" " ind2=" ">
    <subfield code="a">ICCU, cit. 22. 10. 2020</subfield>
  </datafield>
  <datafield tag="670" ind1=" " ind2=" ">
    <subfield code="a">LC (OPAC), cit. 22. 10. 2020</subfield>
  </datafield>
  <datafield tag="670" ind1=" " ind2=" ">
    <subfield code="a">www(Wikipedia, l'enciclopedia libera), cit. 21. 10. 2020</subfield>
    <subfield code="b">autoritní forma, odkaz viz, poznámky</subfield>
  </datafield>
  <datafield tag="670" ind1=" " ind2=" ">
    <subfield code="a">Jonášová, Milada - Volek, Tomislav (eds): Demofoonte come soggetto per il dramma per musica :Johann Adolf Hasse ed altri compositori del settecento, 2020</subfield>
    <subfield code="b">autoritní forma</subfield>
  </datafield>
  <datafield tag="678" ind1=" " ind2=" ">
    <subfield code="a">Operní libreto použito více skladateli, první ho zpracoval Antonio Caldara, dále Christoph Willibald Gluck, Josef Mysliveček vytvořil dvě verze opery.</subfield>
  </datafield>
  <datafield tag="906" ind1=" " ind2=" ">
    <subfield code="a">za20201021</subfield>
    <subfield code="b">vepo</subfield>
  </datafield>
  <datafield tag="906" ind1=" " ind2=" ">
    <subfield code="a">fr20201022</subfield>
    <subfield code="b">blau</subfield>
  </datafield>
  <datafield tag="906" ind1=" " ind2=" ">
    <subfield code="a">ks20201022</subfield>
    <subfield code="b">blau</subfield>
  </datafield>
</record>