

<record>
  <leader>     nz  a22     n  4500</leader>
  <controlfield tag="001">aun20201089836</controlfield>
  <controlfield tag="003">CZ PrNK</controlfield>
  <controlfield tag="005">20201021093334.0</controlfield>
  <controlfield tag="008">201021|n|aznnnaabn           n a|a      </controlfield>
  <datafield tag="040" ind1=" " ind2=" ">
    <subfield code="a">ABA001</subfield>
    <subfield code="b">cze</subfield>
    <subfield code="e">rda</subfield>
  </datafield>
  <datafield tag="100" ind1="1" ind2=" ">
    <subfield code="a">Rousseau, Jean-Jacques,</subfield>
    <subfield code="d">1712-1778.</subfield>
    <subfield code="t">Considérations﻿ sur ﻿le ﻿gouvernement﻿ de ﻿Pologne﻿</subfield>
    <subfield code="7">aun20201089836</subfield>
  </datafield>
  <datafield tag="400" ind1="1" ind2=" ">
    <subfield code="a">Rousseau, Jean-Jacques,</subfield>
    <subfield code="d">1712-1778.</subfield>
    <subfield code="t">Considérations sur le gouvernement de Pologne et sur sa réformation projettée</subfield>
    <subfield code="0">o</subfield>
  </datafield>
  <datafield tag="670" ind1=" " ind2=" ">
    <subfield code="a">BNF, cit. 21. 10. 2020</subfield>
  </datafield>
  <datafield tag="670" ind1=" " ind2=" ">
    <subfield code="a">LC (Names), cit. 21. 10. 2020</subfield>
  </datafield>
  <datafield tag="670" ind1=" " ind2=" ">
    <subfield code="a">www(Wikipédia, l'encyclopédie libre), cit. 21. 10. 2020</subfield>
  </datafield>
  <datafield tag="856" ind1="4" ind2="2">
    <subfield code="u">https://gallica.bnf.fr/ark:/12148/bpt6k9626109r.texteImage</subfield>
    <subfield code="4">N</subfield>
  </datafield>
  <datafield tag="906" ind1=" " ind2=" ">
    <subfield code="a">br20201021</subfield>
    <subfield code="b">blau</subfield>
  </datafield>
  <datafield tag="906" ind1=" " ind2=" ">
    <subfield code="a">ks20201021</subfield>
    <subfield code="b">blau</subfield>
  </datafield>
</record>