

<record>
  <leader>     nz  a22     n  4500</leader>
  <controlfield tag="001">kon20201089844</controlfield>
  <controlfield tag="003">CZ PrNK</controlfield>
  <controlfield tag="005">20201021094102.0</controlfield>
  <controlfield tag="008">201021|n|aznnnaabn           n a|a      </controlfield>
  <datafield tag="040" ind1=" " ind2=" ">
    <subfield code="a">ABA001</subfield>
    <subfield code="b">cze</subfield>
    <subfield code="e">rda</subfield>
  </datafield>
  <datafield tag="110" ind1="1" ind2=" ">
    <subfield code="a">Rakousko-Uhersko.</subfield>
    <subfield code="t">Pozemkové právo.</subfield>
    <subfield code="l">Německy</subfield>
    <subfield code="7">kon20201089844</subfield>
  </datafield>
  <datafield tag="370" ind1=" " ind2=" ">
    <subfield code="c">Rakousko-Uhersko.</subfield>
  </datafield>
  <datafield tag="377" ind1=" " ind2=" ">
    <subfield code="a">ger</subfield>
  </datafield>
  <datafield tag="380" ind1=" " ind2=" ">
    <subfield code="a">zákony</subfield>
  </datafield>
  <datafield tag="410" ind1="1" ind2=" ">
    <subfield code="a">Rakousko-Uhersko.</subfield>
    <subfield code="t">Grundbuchsordnung</subfield>
    <subfield code="0">o</subfield>
  </datafield>
  <datafield tag="670" ind1=" " ind2=" ">
    <subfield code="a">NKC</subfield>
  </datafield>
  <datafield tag="670" ind1=" " ind2=" ">
    <subfield code="a">Die Grundbuchsordnung : nebst allen auf das Grundbuchswesen sich beziehenden Gesetzen und Verordnungen mit Einschluß der Reichs- und Landesgesetze über die innere Einrichtung der Grundbücher sammt Motiven und Entscheidungen des obersten Gerichtshofes. Prag : Druck und Verlag von Heinr. Mercy, 1875</subfield>
  </datafield>
  <datafield tag="680" ind1=" " ind2=" ">
    <subfield code="i">Skupinový unifikovaný název pro sbírku obsahující zákony a právní normy upravující vlastnický vztah k nemovitostem a půdě, především katastrální zákony, pozemkové knihy.</subfield>
  </datafield>
  <datafield tag="906" ind1=" " ind2=" ">
    <subfield code="a">br20201021</subfield>
    <subfield code="b">juri</subfield>
  </datafield>
  <datafield tag="906" ind1=" " ind2=" ">
    <subfield code="a">ks20201021</subfield>
    <subfield code="b">juri</subfield>
  </datafield>
</record>