

<record>
  <leader>     cz  a22     n  4500</leader>
  <controlfield tag="001">xx0253036</controlfield>
  <controlfield tag="003">CZ PrNK</controlfield>
  <controlfield tag="005">20201022130405.0</controlfield>
  <controlfield tag="008">201021|n|aznnnaabn           n a|a      </controlfield>
  <datafield tag="040" ind1=" " ind2=" ">
    <subfield code="a">ABA008</subfield>
    <subfield code="b">cze</subfield>
    <subfield code="d">ABA008</subfield>
    <subfield code="e">rda</subfield>
  </datafield>
  <datafield tag="046" ind1=" " ind2=" ">
    <subfield code="f">1938</subfield>
    <subfield code="g">2019</subfield>
  </datafield>
  <datafield tag="100" ind1="1" ind2=" ">
    <subfield code="a">Kimmich, Hans Peter,</subfield>
    <subfield code="d">1938-2019</subfield>
    <subfield code="7">xx0253036</subfield>
  </datafield>
  <datafield tag="MOR" ind1="0" ind2=" ">
    <subfield code="a">Kimmich, Hans-Peter,</subfield>
    <subfield code="d">1938-2019</subfield>
    <subfield code="7">xx0253036</subfield>
  </datafield>
  <datafield tag="368" ind1=" " ind2=" ">
    <subfield code="d">Dr. rer. nat</subfield>
    <subfield code="s">1969</subfield>
  </datafield>
  <datafield tag="370" ind1=" " ind2=" ">
    <subfield code="a">Curych, Švýcarsko</subfield>
    <subfield code="b">Curych, Švýcarsko</subfield>
    <subfield code="c">Švýcarsko</subfield>
    <subfield code="f">Nijmegen, Nizozemsko</subfield>
  </datafield>
  <datafield tag="372" ind1=" " ind2=" ">
    <subfield code="a">biotelemetrie</subfield>
    <subfield code="a">matematika</subfield>
    <subfield code="a">biologie</subfield>
  </datafield>
  <datafield tag="374" ind1=" " ind2=" ">
    <subfield code="a">matematici</subfield>
    <subfield code="a">biologové</subfield>
  </datafield>
  <datafield tag="375" ind1=" " ind2=" ">
    <subfield code="a">muž</subfield>
  </datafield>
  <datafield tag="377" ind1=" " ind2=" ">
    <subfield code="a">eng</subfield>
  </datafield>
  <datafield tag="670" ind1=" " ind2=" ">
    <subfield code="a">Biotelemetry: international Symposium / editor H. P. Kimmich, 1972</subfield>
  </datafield>
  <datafield tag="670" ind1=" " ind2=" ">
    <subfield code="a">HELVETICAT, cit. 21. 10. 2020</subfield>
    <subfield code="b">autoritní forma</subfield>
  </datafield>
  <datafield tag="670" ind1=" " ind2=" ">
    <subfield code="a">www(Todesanzeige Hans-Peter Kimmich Zürich - Todesanzeigen) cit. 21. 10. 2020</subfield>
    <subfield code="b">rok narození, rok a místo úmrtí</subfield>
  </datafield>
  <datafield tag="670" ind1=" " ind2=" ">
    <subfield code="a">Kimmich, Hans Peter: Telemetry of respiratory oxygen pressure in man, 1969</subfield>
    <subfield code="b">místo narození, profesní data</subfield>
  </datafield>
  <datafield tag="678" ind1="0" ind2=" ">
    <subfield code="a">Univerzitní pedagog; biolog, matematik: zabýval se zejména biotelemetrií.</subfield>
  </datafield>
  <datafield tag="906" ind1=" " ind2=" ">
    <subfield code="a">za20201021</subfield>
    <subfield code="b">xlufr</subfield>
  </datafield>
  <datafield tag="906" ind1=" " ind2=" ">
    <subfield code="a">no20201022</subfield>
    <subfield code="b">xlufr</subfield>
    <subfield code="c">Záhlaví - oprava jména, Pole 670 - opravy jména</subfield>
  </datafield>
  <datafield tag="906" ind1=" " ind2=" ">
    <subfield code="a">oz20201022</subfield>
    <subfield code="b">lisi</subfield>
  </datafield>
</record>