

<record>
  <leader>     nz  a22     n  4500</leader>
  <controlfield tag="001">kon20201089851</controlfield>
  <controlfield tag="003">CZ PrNK</controlfield>
  <controlfield tag="005">20201021100414.0</controlfield>
  <controlfield tag="008">201021|n|aznnnaabn           n a|a      </controlfield>
  <datafield tag="040" ind1=" " ind2=" ">
    <subfield code="a">ABA001</subfield>
    <subfield code="b">cze</subfield>
    <subfield code="e">rda</subfield>
  </datafield>
  <datafield tag="110" ind1="2" ind2=" ">
    <subfield code="a">Česká obec sokolská.</subfield>
    <subfield code="b">Župa Hanácká.</subfield>
    <subfield code="t">Výroční zpráva (Česká obec sokolská. Župa Hanácká)</subfield>
    <subfield code="7">kon20201089851</subfield>
  </datafield>
  <datafield tag="410" ind1="2" ind2=" ">
    <subfield code="a">Česká obec sokolská.</subfield>
    <subfield code="b">Župa Hanácká.</subfield>
    <subfield code="t">Výroční zpráva Sokolské župy Hanácké</subfield>
    <subfield code="0">o</subfield>
  </datafield>
  <datafield tag="670" ind1=" " ind2=" ">
    <subfield code="a">Výroční zpráva Sokolské župy Hanácké. V Kroměříži : nákladem Sokolské župy Hanácké, [1899-1941?]</subfield>
  </datafield>
  <datafield tag="906" ind1=" " ind2=" ">
    <subfield code="a">br20201021</subfield>
    <subfield code="b">juri</subfield>
  </datafield>
  <datafield tag="906" ind1=" " ind2=" ">
    <subfield code="a">ks20201021</subfield>
    <subfield code="b">juri</subfield>
  </datafield>
</record>