

<record>
  <leader>     nz  a22     n  4500</leader>
  <datafield tag="900" ind1=" " ind2=" ">
    <subfield code="a">J-NÁVRH-STT</subfield>
  </datafield>
  <controlfield tag="001">ntk20201089852</controlfield>
  <controlfield tag="003">CZ PrNK</controlfield>
  <controlfield tag="005">20201021101042.0</controlfield>
  <controlfield tag="008">201021|n|aznnnaabn           n a|a      </controlfield>
  <datafield tag="024" ind1="7" ind2=" ">
    <subfield code="a">Q559443</subfield>
    <subfield code="2">wikidata</subfield>
  </datafield>
  <datafield tag="040" ind1=" " ind2=" ">
    <subfield code="a">ABA013</subfield>
    <subfield code="b">cze</subfield>
    <subfield code="e">rda</subfield>
  </datafield>
  <datafield tag="046" ind1=" " ind2=" ">
    <subfield code="f">1572</subfield>
    <subfield code="g">1635</subfield>
  </datafield>
  <datafield tag="100" ind1="1" ind2=" ">
    <subfield code="a">Sems, Johan,</subfield>
    <subfield code="d">1572-1635</subfield>
    <subfield code="7">ntk20201089852</subfield>
  </datafield>
  <datafield tag="368" ind1=" " ind2=" ">
    <subfield code="d">Ingenieur</subfield>
  </datafield>
  <datafield tag="370" ind1=" " ind2=" ">
    <subfield code="a">Franeker, Nizozemsko</subfield>
    <subfield code="b">Groningen, Nizozemsko</subfield>
    <subfield code="c">Nizozemsko</subfield>
    <subfield code="f">Groningen, Nizozemsko</subfield>
    <subfield code="f">Leeuwarden, Nizozemsko</subfield>
    <subfield code="f">Groningen, Nizozemsko</subfield>
  </datafield>
  <datafield tag="372" ind1=" " ind2=" ">
    <subfield code="a">geodezie</subfield>
    <subfield code="a">geodetická měření</subfield>
    <subfield code="a">kartografie</subfield>
    <subfield code="a">mapy</subfield>
    <subfield code="a">vodní stavby</subfield>
    <subfield code="a">hráze</subfield>
    <subfield code="a">opevnění</subfield>
    <subfield code="a">obnova území</subfield>
    <subfield code="a">rekultivace</subfield>
  </datafield>
  <datafield tag="374" ind1=" " ind2=" ">
    <subfield code="a">inženýři</subfield>
    <subfield code="a">stavební inženýři</subfield>
    <subfield code="a">architekti</subfield>
    <subfield code="a">geodeti</subfield>
    <subfield code="a">kartografové</subfield>
  </datafield>
  <datafield tag="375" ind1=" " ind2=" ">
    <subfield code="a">muž</subfield>
  </datafield>
  <datafield tag="377" ind1=" " ind2=" ">
    <subfield code="a">dut</subfield>
    <subfield code="a">ger</subfield>
  </datafield>
  <datafield tag="400" ind1="1" ind2=" ">
    <subfield code="a">Sems, Iohan, Philip,</subfield>
    <subfield code="d">1572-1635</subfield>
    <subfield code="0">o</subfield>
  </datafield>
  <datafield tag="400" ind1="1" ind2=" ">
    <subfield code="a">Sems, Ioannes,</subfield>
    <subfield code="d">1572-1635</subfield>
    <subfield code="0">o</subfield>
  </datafield>
  <datafield tag="400" ind1="1" ind2=" ">
    <subfield code="a">Sems, Johannes,</subfield>
    <subfield code="d">1572-1635</subfield>
    <subfield code="0">o</subfield>
  </datafield>
  <datafield tag="400" ind1="1" ind2=" ">
    <subfield code="a">Semp, Johan,</subfield>
    <subfield code="d">1572-1635</subfield>
    <subfield code="0">o</subfield>
  </datafield>
  <datafield tag="667" ind1=" " ind2=" ">
    <subfield code="a">KB - NBN má z důvodu odlišení v záhlaví autoritního záznamu doplněk s údaji o profesi „zeměměřič, inženýr“ (Sems, Johan, landmeter, ingenieur, 1572-1635).</subfield>
  </datafield>
  <datafield tag="670" ind1=" " ind2=" ">
    <subfield code="a">Practijck des landmetens: Leerende alle rechte ende kromzydige Landen, Bosschen, Boomgaerden ende ... Door Iohan Sems, ende Ian Pietersz Dou ... Vermeerdert ... Door SYBRANT HANSZ ... Ghedruckt tot Amsterdam: by Willem Jansz op het Water, in de bergulde Sonnewyser, 1620[?]</subfield>
    <subfield code="b">odkaz viz</subfield>
    <subfield code="u">https://books.google.nl/books?vid=KBNL:UBA000069186</subfield>
  </datafield>
  <datafield tag="670" ind1=" " ind2=" ">
    <subfield code="a">KB - NBN, cit. 21. 10. 2020</subfield>
    <subfield code="b">autoritní forma, odkazy viz, datum narození a úmrtí, profesní údaje</subfield>
    <subfield code="u">https://opc-kb.oclc.org/DB=1/XMLPRS=Y/PPN?PPN=068702345</subfield>
  </datafield>
  <datafield tag="670" ind1=" " ind2=" ">
    <subfield code="a">www(Wikipedia, The free Encyclopedia), cit. 21. 10. 2020</subfield>
    <subfield code="b">místo narození a úmrtí, odkaz viz, biografické a profesní údaje</subfield>
    <subfield code="u">https://en.wikipedia.org/wiki/Johan_Sems</subfield>
  </datafield>
  <datafield tag="678" ind1="0" ind2=" ">
    <subfield code="a">Nizozemský zeměměřič, kartograf a inženýr. Studoval v Leidenu, v r. 1600 poprvé vydal učebnici pro inženýry a zeměměřiče „Practijck des lantmetens“ společně s Janem Pieterszoonem Douem (vyšla ve více reedicích). Od r. 1599 působil v Leeuwardenu, v r. 1602 byl jmenován zeměměřičem ve Frísku a v r. 1615 se usadil v Groningenu. Byl zaměřen na rekultivaci půdy a stavbu hrází a opevnění.</subfield>
  </datafield>
  <datafield tag="906" ind1=" " ind2=" ">
    <subfield code="a">za20201021</subfield>
    <subfield code="b">evbr</subfield>
  </datafield>
  <datafield tag="906" ind1=" " ind2=" ">
    <subfield code="a">ko20201021</subfield>
    <subfield code="b">evbr</subfield>
  </datafield>
</record>