

<record>
  <leader>     nz  a22     n  4500</leader>
  <datafield tag="900" ind1=" " ind2=" ">
    <subfield code="a">*J-NÁVRH</subfield>
  </datafield>
  <controlfield tag="001">mzk20201089854</controlfield>
  <controlfield tag="003">CZ PrNK</controlfield>
  <controlfield tag="005">20201021101203.0</controlfield>
  <controlfield tag="008">201021|n|aznnnaabn           n a|a      </controlfield>
  <datafield tag="024" ind1="7" ind2=" ">
    <subfield code="a">0000000028731471</subfield>
    <subfield code="2">isni</subfield>
  </datafield>
  <datafield tag="024" ind1="7" ind2=" ">
    <subfield code="a">Q18547011</subfield>
    <subfield code="2">wikidata</subfield>
  </datafield>
  <datafield tag="040" ind1=" " ind2=" ">
    <subfield code="a">BOA001</subfield>
    <subfield code="b">cze</subfield>
    <subfield code="e">rda</subfield>
  </datafield>
  <datafield tag="046" ind1=" " ind2=" ">
    <subfield code="f">1909</subfield>
    <subfield code="g">1981</subfield>
  </datafield>
  <datafield tag="100" ind1="1" ind2=" ">
    <subfield code="a">Pora, Eugen A.,</subfield>
    <subfield code="d">1909-1981</subfield>
    <subfield code="7">mzk20201089854</subfield>
  </datafield>
  <datafield tag="370" ind1=" " ind2=" ">
    <subfield code="a">Brašov, Rumunsko</subfield>
    <subfield code="b">Cluj-Napoca, Rumunsko</subfield>
    <subfield code="c">Rumunsko</subfield>
  </datafield>
  <datafield tag="372" ind1=" " ind2=" ">
    <subfield code="a">zoologie</subfield>
    <subfield code="a">ekofyziologie</subfield>
    <subfield code="a">oceánografie</subfield>
  </datafield>
  <datafield tag="374" ind1=" " ind2=" ">
    <subfield code="a">zoologové</subfield>
    <subfield code="a">oceánografové</subfield>
    <subfield code="a">vysokoškolští učitelé</subfield>
  </datafield>
  <datafield tag="375" ind1=" " ind2=" ">
    <subfield code="a">muž</subfield>
  </datafield>
  <datafield tag="377" ind1=" " ind2=" ">
    <subfield code="a">rum</subfield>
  </datafield>
  <datafield tag="400" ind1="1" ind2=" ">
    <subfield code="a">Pora, E. A.,</subfield>
    <subfield code="d">1909-1981</subfield>
    <subfield code="0">o</subfield>
  </datafield>
  <datafield tag="670" ind1=" " ind2=" ">
    <subfield code="a">Pora, E.A.: Reflexe coordonate la Aurelia aurita din Marea Neagra, 1949</subfield>
    <subfield code="b">odkaz viz</subfield>
  </datafield>
  <datafield tag="670" ind1=" " ind2=" ">
    <subfield code="a">www(Biblioteca Nationala a Romaniei), cit. 21. 10. 2020</subfield>
    <subfield code="b">autoritní forma</subfield>
  </datafield>
  <datafield tag="670" ind1=" " ind2=" ">
    <subfield code="a">www(Wikipedia, enciclopedia liberă), cit. 21. 10. 2020</subfield>
    <subfield code="b">biografické údaje, rok a místo narození a úmrtí</subfield>
    <subfield code="u">https://ro.wikipedia.org/wiki/Eugen_A._Pora</subfield>
  </datafield>
  <datafield tag="678" ind1="0" ind2=" ">
    <subfield code="a">Rumunský zoolog, oceánograf a vysokoškolský učitel.</subfield>
  </datafield>
  <datafield tag="906" ind1=" " ind2=" ">
    <subfield code="a">za20201021</subfield>
    <subfield code="b">goldma</subfield>
  </datafield>
</record>