

<record>
  <leader>     cz  a22     n  4500</leader>
  <controlfield tag="001">xx0253040</controlfield>
  <controlfield tag="003">CZ PrNK</controlfield>
  <controlfield tag="005">20201021103851.0</controlfield>
  <controlfield tag="008">201021|n|aznnnaabn           n a|a      </controlfield>
  <datafield tag="040" ind1=" " ind2=" ">
    <subfield code="a">ABA008</subfield>
    <subfield code="b">cze</subfield>
    <subfield code="d">ABA001</subfield>
    <subfield code="e">rda</subfield>
  </datafield>
  <datafield tag="111" ind1="2" ind2=" ">
    <subfield code="a">Naukowy zjazd psychiatrów polskich</subfield>
    <subfield code="n">(28. :</subfield>
    <subfield code="d">1963 :</subfield>
    <subfield code="c">Lublin, Polsko)</subfield>
    <subfield code="7">xx0253040</subfield>
  </datafield>
  <datafield tag="MOR" ind1="1" ind2=" ">
    <subfield code="a">Naukowy zjazd psychiatrów polskich w Lublinie</subfield>
    <subfield code="n">(28. :</subfield>
    <subfield code="d">1963 :</subfield>
    <subfield code="c">Varšava, Polsko)</subfield>
    <subfield code="7">xx0253040</subfield>
  </datafield>
  <datafield tag="368" ind1=" " ind2=" ">
    <subfield code="a">kongresy</subfield>
    <subfield code="a">konference</subfield>
  </datafield>
  <datafield tag="370" ind1=" " ind2=" ">
    <subfield code="c">Polsko</subfield>
    <subfield code="e">Lublin, Polsko</subfield>
  </datafield>
  <datafield tag="372" ind1=" " ind2=" ">
    <subfield code="a">psychiatrie</subfield>
  </datafield>
  <datafield tag="377" ind1=" " ind2=" ">
    <subfield code="a">pol</subfield>
  </datafield>
  <datafield tag="411" ind1="2" ind2=" ">
    <subfield code="a">Naukowy zjazd psychiatrów polskich w Lublinie</subfield>
    <subfield code="n">(28. :</subfield>
    <subfield code="d">1963 :</subfield>
    <subfield code="c">Lublin, Polsko)</subfield>
    <subfield code="0">o</subfield>
  </datafield>
  <datafield tag="670" ind1=" " ind2=" ">
    <subfield code="a">Pamietnik XXVIII naukowego zjazdu psychiatrów polskich w Lublinie, Warszawa, 1965</subfield>
  </datafield>
  <datafield tag="675" ind1=" " ind2=" ">
    <subfield code="a">LC (Names), cit. 21. 10. 2020</subfield>
  </datafield>
  <datafield tag="906" ind1=" " ind2=" ">
    <subfield code="a">za20201021</subfield>
    <subfield code="b">xdapi</subfield>
  </datafield>
  <datafield tag="906" ind1=" " ind2=" ">
    <subfield code="a">oz20201021</subfield>
    <subfield code="b">svsv</subfield>
    <subfield code="c">Záhlaví - oprava; Související místo - oprava; Viz - nově; Negativní zdroj - nově</subfield>
  </datafield>
</record>