

<record>
  <leader>     nz  a22     n  4500</leader>
  <controlfield tag="001">ko20201089870</controlfield>
  <controlfield tag="003">CZ PrNK</controlfield>
  <controlfield tag="005">20201021111852.0</controlfield>
  <controlfield tag="008">201021|n|aznnnaabn           n a|a      </controlfield>
  <datafield tag="040" ind1=" " ind2=" ">
    <subfield code="a">ABA001</subfield>
    <subfield code="b">cze</subfield>
    <subfield code="d">ABA001</subfield>
    <subfield code="e">rda</subfield>
  </datafield>
  <datafield tag="111" ind1="2" ind2=" ">
    <subfield code="a">Conflict Management in the Mediterranean and the Atlantic, 1200-1800: Actors, Institutions and Modes of Dispute Settlement (konference)</subfield>
    <subfield code="d">(2017 :</subfield>
    <subfield code="c">Paříž, Francie)</subfield>
    <subfield code="7">ko20201089870</subfield>
  </datafield>
  <datafield tag="368" ind1=" " ind2=" ">
    <subfield code="a">konference</subfield>
    <subfield code="a">kolokvia</subfield>
  </datafield>
  <datafield tag="370" ind1=" " ind2=" ">
    <subfield code="c">Francie</subfield>
    <subfield code="e">Paříž, Francie</subfield>
  </datafield>
  <datafield tag="372" ind1=" " ind2=" ">
    <subfield code="a">konflikty</subfield>
    <subfield code="a">námořní právo</subfield>
    <subfield code="a">mezinárodní právo mořské</subfield>
    <subfield code="a">pirátství</subfield>
  </datafield>
  <datafield tag="377" ind1=" " ind2=" ">
    <subfield code="a">eng</subfield>
    <subfield code="a">fre</subfield>
  </datafield>
  <datafield tag="411" ind1="2" ind2=" ">
    <subfield code="a">Gestion de conflits en Méditerranée et en Atlantique, XIIIe -XVIIIe siècles: acteurs, institutions et modes de règlement de différends (konference)</subfield>
    <subfield code="d">(2017 :</subfield>
    <subfield code="c">Paříž, Francie)</subfield>
    <subfield code="2">czefre</subfield>
    <subfield code="0">o</subfield>
  </datafield>
  <datafield tag="411" ind1="2" ind2=" ">
    <subfield code="a">Colloque "Gestion de conflits en Méditerranée et en Atlantique, XIIIe -XVIIIe siècles: acteurs, institutions et modes de règlement de différends"</subfield>
    <subfield code="d">(2017 :</subfield>
    <subfield code="c">Paříž, Francie)</subfield>
    <subfield code="2">czefre</subfield>
    <subfield code="0">o</subfield>
  </datafield>
  <datafield tag="670" ind1=" " ind2=" ">
    <subfield code="a">Conflict management in the Mediterranean and the Atlantic, 1000-1800 : actors, institutions and strategies of dispute settlement</subfield>
    <subfield code="b">autoritní forma</subfield>
  </datafield>
  <datafield tag="670" ind1=" " ind2=" ">
    <subfield code="a">www(Hypotheses), cit. 21.10.2020</subfield>
    <subfield code="b">autoritní forma; odkazy viz</subfield>
  </datafield>
  <datafield tag="670" ind1=" " ind2=" ">
    <subfield code="a">www(Centre de recherche français à Jérusalem), cit. 21.10.2020</subfield>
    <subfield code="b">odkaz viz: Colloque "Gestion de conflits en Méditerranée et en Atlantique, XIIIe -XVIIIe siècles: acteurs, institutions et modes de règlement de différends"</subfield>
  </datafield>
  <datafield tag="675" ind1=" " ind2=" ">
    <subfield code="a">LC (Names), cit. 21.10.2020</subfield>
  </datafield>
  <datafield tag="906" ind1=" " ind2=" ">
    <subfield code="a">za20201021</subfield>
    <subfield code="b">klou</subfield>
  </datafield>
  <datafield tag="906" ind1=" " ind2=" ">
    <subfield code="a">vr20201021</subfield>
    <subfield code="b">svsv</subfield>
  </datafield>
</record>