

<record>
  <leader>     nz  a22     n  4500</leader>
  <datafield tag="900" ind1=" " ind2=" ">
    <subfield code="a">V-NÁVRH</subfield>
  </datafield>
  <controlfield tag="001">ph1089876</controlfield>
  <controlfield tag="003">CZ PrNK</controlfield>
  <controlfield tag="005">20201021110312.0</controlfield>
  <controlfield tag="008">201021|n|anznnbabn           n a|a      </controlfield>
  <datafield tag="040" ind1=" " ind2=" ">
    <subfield code="a">ABA001</subfield>
    <subfield code="b">cze</subfield>
  </datafield>
  <datafield tag="072" ind1=" " ind2="7">
    <subfield code="a">616</subfield>
    <subfield code="x">Patologie. Klinická medicína</subfield>
    <subfield code="2">Konspekt</subfield>
    <subfield code="9">14</subfield>
  </datafield>
  <datafield tag="080" ind1=" " ind2=" ">
    <subfield code="a">616.928.8</subfield>
    <subfield code="2">MRF_2014</subfield>
  </datafield>
  <datafield tag="150" ind1=" " ind2=" ">
    <subfield code="a">horečka zika</subfield>
    <subfield code="7">ph1089876</subfield>
  </datafield>
  <datafield tag="450" ind1=" " ind2=" ">
    <subfield code="a">zika horečka</subfield>
    <subfield code="0">o</subfield>
  </datafield>
  <datafield tag="550" ind1=" " ind2=" ">
    <subfield code="a">Zika virus</subfield>
    <subfield code="7">ph1089881</subfield>
  </datafield>
  <datafield tag="550" ind1=" " ind2=" ">
    <subfield code="w">g</subfield>
    <subfield code="a">horečnatá onemocnění</subfield>
    <subfield code="7">ph258173</subfield>
  </datafield>
  <datafield tag="550" ind1=" " ind2=" ">
    <subfield code="w">g</subfield>
    <subfield code="a">virové nemoci</subfield>
    <subfield code="7">ph127113</subfield>
  </datafield>
  <datafield tag="550" ind1=" " ind2=" ">
    <subfield code="w">g</subfield>
    <subfield code="a">zoonózy</subfield>
    <subfield code="7">ph136895</subfield>
  </datafield>
  <datafield tag="750" ind1="0" ind2="7">
    <subfield code="a">Zika fever</subfield>
    <subfield code="2">eczenas</subfield>
  </datafield>
  <datafield tag="906" ind1=" " ind2=" ">
    <subfield code="a">za20201021</subfield>
    <subfield code="b">napo</subfield>
  </datafield>
</record>