

<record>
  <leader>     nz  a22     n  4500</leader>
  <controlfield tag="001">ko20201089877</controlfield>
  <controlfield tag="003">CZ PrNK</controlfield>
  <controlfield tag="005">20201022110011.0</controlfield>
  <controlfield tag="008">201021|n|aznnnaabn           n a|a      </controlfield>
  <datafield tag="040" ind1=" " ind2=" ">
    <subfield code="a">ABA001</subfield>
    <subfield code="b">cze</subfield>
    <subfield code="e">rda</subfield>
  </datafield>
  <datafield tag="111" ind1="2" ind2=" ">
    <subfield code="a">International Workshop Conflicts and their Resolution in Atlantic Europe (13th-17th c.)</subfield>
    <subfield code="d">(2017 :</subfield>
    <subfield code="c">Santa Cruz de Tenerife, Kanárské ostrovy)</subfield>
    <subfield code="7">ko20201089877</subfield>
  </datafield>
  <datafield tag="368" ind1=" " ind2=" ">
    <subfield code="a">workshopy</subfield>
    <subfield code="a">konference</subfield>
  </datafield>
  <datafield tag="370" ind1=" " ind2=" ">
    <subfield code="c">Španělsko</subfield>
    <subfield code="c">Kanárské ostrovy</subfield>
    <subfield code="e">Santa Cruz de Tenerife, Kanárské ostrovy</subfield>
  </datafield>
  <datafield tag="372" ind1=" " ind2=" ">
    <subfield code="a">konflikty</subfield>
    <subfield code="a">námořní právo</subfield>
    <subfield code="a">mezinárodní právo mořské</subfield>
  </datafield>
  <datafield tag="377" ind1=" " ind2=" ">
    <subfield code="a">eng</subfield>
    <subfield code="a">fre</subfield>
    <subfield code="a">spa</subfield>
  </datafield>
  <datafield tag="411" ind1="2" ind2=" ">
    <subfield code="a">International Workshop Maritime Conflicts and their Resolution in Atlantic Europe (13th-17th Centuries)</subfield>
    <subfield code="d">(2017 :</subfield>
    <subfield code="c">Santa Cruz de Tenerife, Kanárské ostrovy)</subfield>
    <subfield code="0">o</subfield>
  </datafield>
  <datafield tag="411" ind1="2" ind2=" ">
    <subfield code="a">Conflicts and their Resolution in Atlantic Europe (13th-17th c.) (workshop)</subfield>
    <subfield code="d">(2017 :</subfield>
    <subfield code="c">Santa Cruz de Tenerife, Kanárské ostrovy)</subfield>
    <subfield code="0">o</subfield>
  </datafield>
  <datafield tag="411" ind1="2" ind2=" ">
    <subfield code="a">Maritime Conflicts and their Resolution in Atlantic Europe (13th-17th Centuries) (workshop)</subfield>
    <subfield code="d">(2017 :</subfield>
    <subfield code="c">Santa Cruz de Tenerife, Kanárské ostrovy)</subfield>
    <subfield code="0">o</subfield>
  </datafield>
  <datafield tag="670" ind1=" " ind2=" ">
    <subfield code="a">Conflict management in the Mediterranean and the Atlantic, 1000-1800 : actors, institutions and strategies of dispute settlement</subfield>
    <subfield code="b">autoritní forma</subfield>
  </datafield>
  <datafield tag="670" ind1=" " ind2=" ">
    <subfield code="a">www(Universiteit Leiden), cit. 21.10.2020</subfield>
    <subfield code="b">autoritní forma; odkazy viz</subfield>
  </datafield>
  <datafield tag="675" ind1=" " ind2=" ">
    <subfield code="a">LC (Names), cit. 21.10.2020</subfield>
  </datafield>
  <datafield tag="906" ind1=" " ind2=" ">
    <subfield code="a">za20201021</subfield>
    <subfield code="b">klou</subfield>
  </datafield>
  <datafield tag="906" ind1=" " ind2=" ">
    <subfield code="a">vr20201022</subfield>
    <subfield code="b">svsv</subfield>
  </datafield>
</record>