

<record>
  <leader>     nz  a22     n  4500</leader>
  <datafield tag="900" ind1=" " ind2=" ">
    <subfield code="a">J-NÁVRH-STT</subfield>
  </datafield>
  <controlfield tag="001">ntk20201089880</controlfield>
  <controlfield tag="003">CZ PrNK</controlfield>
  <controlfield tag="005">20201021123921.0</controlfield>
  <controlfield tag="008">201021|n|aznnnaabn           n a|a      </controlfield>
  <datafield tag="024" ind1="7" ind2=" ">
    <subfield code="a">0000000086223272</subfield>
    <subfield code="2">isni</subfield>
  </datafield>
  <datafield tag="024" ind1="7" ind2=" ">
    <subfield code="a">Q15876895</subfield>
    <subfield code="2">wikidata</subfield>
  </datafield>
  <datafield tag="040" ind1=" " ind2=" ">
    <subfield code="a">ABA013</subfield>
    <subfield code="b">cze</subfield>
    <subfield code="e">rda</subfield>
  </datafield>
  <datafield tag="046" ind1=" " ind2=" ">
    <subfield code="f">1572</subfield>
    <subfield code="g">1635</subfield>
  </datafield>
  <datafield tag="100" ind1="1" ind2=" ">
    <subfield code="a">Dou, Jan Pietersz,</subfield>
    <subfield code="d">1572-1635</subfield>
    <subfield code="7">ntk20201089880</subfield>
  </datafield>
  <datafield tag="368" ind1=" " ind2=" ">
    <subfield code="d">Ingenieur</subfield>
  </datafield>
  <datafield tag="370" ind1=" " ind2=" ">
    <subfield code="a">Leiden, Nizozemsko</subfield>
    <subfield code="b">Leiden, Nizozemsko</subfield>
    <subfield code="c">Nizozemsko</subfield>
    <subfield code="f">Leiden, Nizozemsko</subfield>
  </datafield>
  <datafield tag="372" ind1=" " ind2=" ">
    <subfield code="a">matematika</subfield>
    <subfield code="a">geometrie</subfield>
    <subfield code="a">kartografie</subfield>
    <subfield code="a">mapy</subfield>
    <subfield code="a">geodezie</subfield>
    <subfield code="a">geodetická měření</subfield>
    <subfield code="a">geodetické přístroje</subfield>
    <subfield code="a">vodní stavby</subfield>
    <subfield code="a">objevy a vynálezy</subfield>
  </datafield>
  <datafield tag="374" ind1=" " ind2=" ">
    <subfield code="a">matematicii</subfield>
    <subfield code="a">inženýři</subfield>
    <subfield code="a">objevitelé a vynálezci</subfield>
    <subfield code="a">geodeti</subfield>
    <subfield code="a">kartografové</subfield>
    <subfield code="a">vysokoškolští učitelé</subfield>
    <subfield code="a">státní úředníci</subfield>
  </datafield>
  <datafield tag="375" ind1=" " ind2=" ">
    <subfield code="a">muž</subfield>
  </datafield>
  <datafield tag="377" ind1=" " ind2=" ">
    <subfield code="a">dut</subfield>
    <subfield code="a">ger</subfield>
    <subfield code="a">lat</subfield>
  </datafield>
  <datafield tag="400" ind1="1" ind2=" ">
    <subfield code="a">Dou, Ian Pietersz,</subfield>
    <subfield code="d">1572-1635</subfield>
    <subfield code="0">o</subfield>
  </datafield>
  <datafield tag="400" ind1="1" ind2=" ">
    <subfield code="a">Dov, Ian Pietersz,</subfield>
    <subfield code="d">1572-1635</subfield>
    <subfield code="0">o</subfield>
  </datafield>
  <datafield tag="400" ind1="1" ind2=" ">
    <subfield code="a">Dou, Jan Pieterszoon,</subfield>
    <subfield code="d">1572-1635</subfield>
    <subfield code="0">o</subfield>
  </datafield>
  <datafield tag="400" ind1="1" ind2=" ">
    <subfield code="a">Dou, J. P.,</subfield>
    <subfield code="d">1572-1635</subfield>
    <subfield code="0">o</subfield>
  </datafield>
  <datafield tag="400" ind1="1" ind2=" ">
    <subfield code="a">Dou, Joann Petersz,</subfield>
    <subfield code="d">1572-1635</subfield>
    <subfield code="0">o</subfield>
  </datafield>
  <datafield tag="400" ind1="1" ind2=" ">
    <subfield code="a">Dou, Joannes Peterszoon,</subfield>
    <subfield code="d">1572-1635</subfield>
    <subfield code="0">o</subfield>
  </datafield>
  <datafield tag="400" ind1="1" ind2=" ">
    <subfield code="a">Pietersz, Jan,</subfield>
    <subfield code="d">1572-1635</subfield>
    <subfield code="0">o</subfield>
  </datafield>
  <datafield tag="667" ind1=" " ind2=" ">
    <subfield code="a">KB - NBN v autoritním záznamu databáze STCN uvádí i rok 1573 jako možný rok narození popisované osoby, některé agentury (DNB aj.) tento rok v záhlaví preferují, anebo uvádějí oba najednou (LC Names).</subfield>
  </datafield>
  <datafield tag="670" ind1=" " ind2=" ">
    <subfield code="a">Practijck des landmetens: Leerende alle rechte ende kromzydige Landen, Bosschen, Boomgaerden ende ... Door Iohan Sems, ende Ian Pietersz Dou ... Vermeerdert ... Door SYBRANT HANSZ Ghedruckt tot Amsterdam: by Willem Jansz op het Water, in de bergulde Sonnewyser, 1620[?]</subfield>
    <subfield code="b">odkaz viz</subfield>
    <subfield code="u">https://books.google.nl/books?vid=KBNL:UBA000069186</subfield>
  </datafield>
  <datafield tag="670" ind1=" " ind2=" ">
    <subfield code="a">KB - NBN, cit. 21. 10. 2020</subfield>
    <subfield code="b">autoritní forma, odkazy viz, datum narození a úmrtí, profesní údaje</subfield>
    <subfield code="u">https://opc-kb.oclc.org/DB=1/XMLPRS=Y/PPN?PPN=069595089</subfield>
  </datafield>
  <datafield tag="670" ind1=" " ind2=" ">
    <subfield code="a">www(Wikipedia, De vrije encyclopedie), cit. 21. 10. 2020</subfield>
    <subfield code="b">místo narození a úmrtí, biografické a profesní údaje</subfield>
    <subfield code="u">https://nl.wikipedia.org/wiki/Jan_Pieterszoon_Dou</subfield>
  </datafield>
  <datafield tag="678" ind1="0" ind2=" ">
    <subfield code="a">Nizozemský zeměměřič, kartograf a inženýr. Je tvůrcem více než tisíce map, publikoval řadu odborných pojednání v oboru. Kolem r. 1610 vynalezl tzv. „nizozemský kruh“ (zeměměřičský nástroj k přesnému měření nebo vykreslování úhlů). V r. 1600 byl jmenován jedním ze dvou prvních lektorů na inženýrské škole na Leidenské univerzitě. V Leidenu zastával i další veřejné funkce.</subfield>
  </datafield>
  <datafield tag="906" ind1=" " ind2=" ">
    <subfield code="a">za20201021</subfield>
    <subfield code="b">evbr</subfield>
  </datafield>
  <datafield tag="906" ind1=" " ind2=" ">
    <subfield code="a">ko20201021</subfield>
    <subfield code="b">evbr</subfield>
  </datafield>
</record>