

<record>
  <leader>     nz  a22     n  4500</leader>
  <datafield tag="900" ind1=" " ind2=" ">
    <subfield code="a">*J-NÁVRH-STT</subfield>
  </datafield>
  <controlfield tag="001">ola20201089891</controlfield>
  <controlfield tag="003">CZ PrNK</controlfield>
  <controlfield tag="005">20201023133511.0</controlfield>
  <controlfield tag="008">201021|n|aznnnaabn           n a|a      </controlfield>
  <datafield tag="040" ind1=" " ind2=" ">
    <subfield code="a">OLA001</subfield>
    <subfield code="b">cze</subfield>
    <subfield code="e">rda</subfield>
  </datafield>
  <datafield tag="046" ind1=" " ind2=" ">
    <subfield code="g">1617</subfield>
  </datafield>
  <datafield tag="100" ind1="1" ind2=" ">
    <subfield code="a">&lt;&lt;z&gt;&gt; Greifenthalu, Martin Václav,</subfield>
    <subfield code="d">zemř. 1617</subfield>
    <subfield code="7">ola20201089891</subfield>
  </datafield>
  <datafield tag="368" ind1=" " ind2=" ">
    <subfield code="d">kanovník olomoucké kapituly</subfield>
    <subfield code="s">1598</subfield>
  </datafield>
  <datafield tag="368" ind1=" " ind2=" ">
    <subfield code="d">rektor u sv. Anny</subfield>
    <subfield code="s">1598</subfield>
  </datafield>
  <datafield tag="368" ind1=" " ind2=" ">
    <subfield code="a">kapitulní probošt</subfield>
    <subfield code="s">1609</subfield>
  </datafield>
  <datafield tag="370" ind1=" " ind2=" ">
    <subfield code="c">Česko</subfield>
    <subfield code="f">Olomouc</subfield>
  </datafield>
  <datafield tag="372" ind1=" " ind2=" ">
    <subfield code="a">církevní dějiny</subfield>
  </datafield>
  <datafield tag="374" ind1=" " ind2=" ">
    <subfield code="a">katoličtí duchovní</subfield>
    <subfield code="a">církevní činovníci</subfield>
  </datafield>
  <datafield tag="375" ind1=" " ind2=" ">
    <subfield code="a">muž</subfield>
  </datafield>
  <datafield tag="400" ind1="1" ind2=" ">
    <subfield code="a">&lt;&lt;z&gt;&gt; Greiffenthalu, Martin Václav,</subfield>
    <subfield code="d">zemř. 1617</subfield>
    <subfield code="0">o</subfield>
  </datafield>
  <datafield tag="400" ind1="1" ind2=" ">
    <subfield code="a">&lt;&lt;a&gt;&gt; Greiffenthal, Martin Wenceslaus,</subfield>
    <subfield code="d">zemř. 1617</subfield>
    <subfield code="0">o</subfield>
  </datafield>
  <datafield tag="670" ind1=" " ind2=" ">
    <subfield code="a">Zemek, Metoděj. Rektorátní kostel svaté Anny v Olomouci. 1. vyd. V Olomouci: Velehrad, nakladatelství dobré knihy, 1948, s. 23.</subfield>
    <subfield code="b">autoritní forma, datum úmrtí, biografické údaje</subfield>
  </datafield>
  <datafield tag="670" ind1=" " ind2=" ">
    <subfield code="a">Kračmer, Mořic. Dějiny metropolitního chrámu sv. Václava v Olomouci. Olomouc: R. Prombergr, 1887, s. 72.</subfield>
    <subfield code="b">biografické údaje</subfield>
  </datafield>
  <datafield tag="670" ind1=" " ind2=" ">
    <subfield code="a">Andrade, Diogo de Paiva de: Defensio tridentinae fidei catholicae, et integerrimae quinque libris comprehensa (Na titulním listu rukou: "Ex Liberalitate R.P. Martini Wenceslai a Greiffenthal Praepositi Olom.") -- Ingolstadii: Apud Davidem Sartorium, 1580.</subfield>
  </datafield>
  <datafield tag="670" ind1=" " ind2=" ">
    <subfield code="a">Ondřej Jakubec, Kaple sv. Anny na olomouckém hradě a svatoanenský kult na Moravě kolem roku 1600, in: Ondřej Jakubec (ed.), Arcidiecézní muzeum na olomouckém hradě. Příspěvky z mezinárodní konference, Olomouc 2010, s. 197-209.</subfield>
    <subfield code="b">biografické údaje</subfield>
  </datafield>
  <datafield tag="678" ind1="0" ind2=" ">
    <subfield code="a">Datum a místo narození neznáme, zemřel v roce 1617 v Olomouci. Studoval v Římě, kde dosáhl hodnosti mistra svobodných umění. V roce 1598 byl jmenován olomouckým kanovníkem a rektorem u sv. Anny. Později získal funkce apoštolského protonotáře a biskupského rady, v roce 1609 byl zvolen kapitulním proboštem a generálním vikářem olomouckého kardinála Dietrichštejna. Dal od základu znovu vystavět kapli sv. Anny v Olomouci.</subfield>
  </datafield>
  <datafield tag="856" ind1="4" ind2="2">
    <subfield code="u">http://aleph.vkol.cz/exlibris/aleph/a22_1/apache_media/KCF947TQR6J4IJ13APL8TVBTVNUAU9.jpg</subfield>
    <subfield code="y">Na tit. listu rukou: "Ex Liberalitate R.P. Martini Wenceslai a Greiffenthal Praepositi Olom." [VKOL, sign. 4.345]</subfield>
    <subfield code="4">N</subfield>
  </datafield>
  <datafield tag="906" ind1=" " ind2=" ">
    <subfield code="a">za20201021</subfield>
    <subfield code="b">novotny</subfield>
  </datafield>
</record>