

<record>
  <leader>     nz  a22     n  4500</leader>
  <datafield tag="900" ind1=" " ind2=" ">
    <subfield code="a">J-NÁVRH</subfield>
  </datafield>
  <controlfield tag="001">xx0253050</controlfield>
  <controlfield tag="003">CZ PrNK</controlfield>
  <controlfield tag="005">20201021113636.2</controlfield>
  <controlfield tag="008">201021|n|aznnnaabn           n a|a      </controlfield>
  <datafield tag="040" ind1=" " ind2=" ">
    <subfield code="a">ABE304</subfield>
    <subfield code="b">cze</subfield>
    <subfield code="e">rda</subfield>
  </datafield>
  <datafield tag="100" ind1="1" ind2=" ">
    <subfield code="a">Radović, Veljko,</subfield>
    <subfield code="d">1940-2012</subfield>
    <subfield code="7">xx0253050</subfield>
  </datafield>
  <datafield tag="370" ind1=" " ind2=" ">
    <subfield code="c">Černá Hora</subfield>
  </datafield>
  <datafield tag="372" ind1=" " ind2=" ">
    <subfield code="a">divadelní věda</subfield>
    <subfield code="a">pedagogika</subfield>
    <subfield code="a">drama</subfield>
    <subfield code="a">spisovatelé</subfield>
  </datafield>
  <datafield tag="374" ind1=" " ind2=" ">
    <subfield code="a">dramatici</subfield>
    <subfield code="a">teatrologové</subfield>
    <subfield code="a">pedagogové</subfield>
    <subfield code="a">spisovatelé</subfield>
  </datafield>
  <datafield tag="375" ind1=" " ind2=" ">
    <subfield code="a">muž</subfield>
  </datafield>
  <datafield tag="377" ind1=" " ind2=" ">
    <subfield code="a">hrv</subfield>
  </datafield>
  <datafield tag="670" ind1=" " ind2=" ">
    <subfield code="a">Radović, Veljko: Válka a mír v Grudě, 1987</subfield>
  </datafield>
  <datafield tag="670" ind1=" " ind2=" ">
    <subfield code="a">COBISS.CG, cit. 21. 10. 2020</subfield>
    <subfield code="b">autoritní forma</subfield>
  </datafield>
  <datafield tag="670" ind1=" " ind2=" ">
    <subfield code="a">www(Wikipedija, slobodna enciklopedija), cit. 21. 10. 2020</subfield>
    <subfield code="b">biografická data a údaje</subfield>
    <subfield code="u">https://hr.wikipedia.org/wiki/Veljko_Radovi%C4%87</subfield>
  </datafield>
  <datafield tag="678" ind1="0" ind2=" ">
    <subfield code="a">Černohorský dramatik, spisovatel, teatrolog a pedagog.</subfield>
  </datafield>
  <datafield tag="906" ind1=" " ind2=" ">
    <subfield code="a">za20201021</subfield>
    <subfield code="b">xalso</subfield>
  </datafield>
</record>