

<record>
  <leader>     nz  a22     n  4500</leader>
  <controlfield tag="001">ko20201089901</controlfield>
  <controlfield tag="003">CZ PrNK</controlfield>
  <controlfield tag="005">20201021124928.0</controlfield>
  <controlfield tag="008">201021|n|aznnnaabn           n a|a      </controlfield>
  <datafield tag="040" ind1=" " ind2=" ">
    <subfield code="a">ABA001</subfield>
    <subfield code="b">cze</subfield>
    <subfield code="e">rda</subfield>
  </datafield>
  <datafield tag="111" ind1="2" ind2=" ">
    <subfield code="a">International Symposium on Jesuit Studies</subfield>
    <subfield code="d">(2018 :</subfield>
    <subfield code="c">Sevilla, Španělsko)</subfield>
    <subfield code="7">ko20201089901</subfield>
  </datafield>
  <datafield tag="368" ind1=" " ind2=" ">
    <subfield code="a">sympozia</subfield>
    <subfield code="a">mezinárodní konference</subfield>
  </datafield>
  <datafield tag="370" ind1=" " ind2=" ">
    <subfield code="c">Španělsko</subfield>
    <subfield code="e">Sevilla, Španělsko</subfield>
  </datafield>
  <datafield tag="372" ind1=" " ind2=" ">
    <subfield code="a">jezuité</subfield>
    <subfield code="a">teologové</subfield>
    <subfield code="a">filozofové</subfield>
    <subfield code="a">jezuitská spiritualita</subfield>
    <subfield code="a">teologie</subfield>
  </datafield>
  <datafield tag="377" ind1=" " ind2=" ">
    <subfield code="a">eng</subfield>
    <subfield code="a">spa</subfield>
  </datafield>
  <datafield tag="411" ind1="2" ind2=" ">
    <subfield code="a">Francisco Suárez (1548-1617): Jesuits and Complexities of Modernity (sympozia)</subfield>
    <subfield code="d">(2018 :</subfield>
    <subfield code="c">Sevilla, Španělsko)</subfield>
    <subfield code="0">o</subfield>
  </datafield>
  <datafield tag="511" ind1="2" ind2=" ">
    <subfield code="a">International Symposium on Jesuit Studies</subfield>
    <subfield code="7">ko2018998792</subfield>
  </datafield>
  <datafield tag="670" ind1=" " ind2=" ">
    <subfield code="a">Francisco Suárez (1548-1617) : Jesuits and the complexities of modernity</subfield>
    <subfield code="b">autoritní forma</subfield>
  </datafield>
  <datafield tag="670" ind1=" " ind2=" ">
    <subfield code="a">LC (Names), cit. 21.10.2020</subfield>
    <subfield code="b">autoritní forma</subfield>
  </datafield>
  <datafield tag="670" ind1=" " ind2=" ">
    <subfield code="a">www(Trustees of Boston College), cit. 21.10.2020</subfield>
    <subfield code="b">autoritní forma; odkaz viz; odkaz viz též</subfield>
  </datafield>
  <datafield tag="680" ind1=" " ind2=" ">
    <subfield code="i">Toto záhlaví se používá pouze pro monograficky zpracované publikace.</subfield>
  </datafield>
  <datafield tag="906" ind1=" " ind2=" ">
    <subfield code="a">za20201021</subfield>
    <subfield code="b">klou</subfield>
  </datafield>
  <datafield tag="906" ind1=" " ind2=" ">
    <subfield code="a">vr20201021</subfield>
    <subfield code="b">svsv</subfield>
  </datafield>
</record>