

<record>
  <leader>     nz  a22     n  4500</leader>
  <controlfield tag="001">aun20201089909</controlfield>
  <controlfield tag="003">CZ PrNK</controlfield>
  <controlfield tag="005">20201021121716.0</controlfield>
  <controlfield tag="008">201021|n|aznnnaabn           n a|a      </controlfield>
  <datafield tag="040" ind1=" " ind2=" ">
    <subfield code="a">ABA001</subfield>
    <subfield code="b">cze</subfield>
    <subfield code="e">rda</subfield>
  </datafield>
  <datafield tag="100" ind1="1" ind2=" ">
    <subfield code="a">Novák, František Antonín,</subfield>
    <subfield code="d">1892-1964.</subfield>
    <subfield code="t">Rostliny.</subfield>
    <subfield code="l">Německy</subfield>
    <subfield code="7">aun20201089909</subfield>
  </datafield>
  <datafield tag="400" ind1="1" ind2=" ">
    <subfield code="a">Novák, František Antonín,</subfield>
    <subfield code="d">1892-1964.</subfield>
    <subfield code="t">Pflanzen</subfield>
    <subfield code="0">o</subfield>
  </datafield>
  <datafield tag="670" ind1=" " ind2=" ">
    <subfield code="a">Pflanzen. I. Teil / zusammengestellt von Frant. A. Novák. Praha : Vesmír, Ges. m.b.H., 1936</subfield>
  </datafield>
  <datafield tag="906" ind1=" " ind2=" ">
    <subfield code="a">br20201021</subfield>
    <subfield code="b">juri</subfield>
  </datafield>
  <datafield tag="906" ind1=" " ind2=" ">
    <subfield code="a">ks20201021</subfield>
    <subfield code="b">juri</subfield>
  </datafield>
</record>