

<record>
  <leader>     nz  a22     n  4500</leader>
  <controlfield tag="001">ko20201089913</controlfield>
  <controlfield tag="003">CZ PrNK</controlfield>
  <controlfield tag="005">20201021122225.0</controlfield>
  <controlfield tag="008">201021|n|aznnnaabn           n a|a      </controlfield>
  <datafield tag="040" ind1=" " ind2=" ">
    <subfield code="a">ABA001</subfield>
    <subfield code="b">cze</subfield>
    <subfield code="e">rda</subfield>
  </datafield>
  <datafield tag="110" ind1="2" ind2=" ">
    <subfield code="a">Ústřední konsumní a úsporné družstvo "Budoucnost" v Moravské Ostravě</subfield>
    <subfield code="7">ko20201089913</subfield>
  </datafield>
  <datafield tag="368" ind1=" " ind2=" ">
    <subfield code="a">družstva</subfield>
    <subfield code="a">spotřební družstva</subfield>
  </datafield>
  <datafield tag="370" ind1=" " ind2=" ">
    <subfield code="c">Česko</subfield>
    <subfield code="e">Moravská Ostrava, Ostrava, Česko</subfield>
    <subfield code="e">Ostrava, Česko</subfield>
    <subfield code="f">Československo</subfield>
  </datafield>
  <datafield tag="372" ind1=" " ind2=" ">
    <subfield code="a">spotřební zboží</subfield>
    <subfield code="a">potraviny</subfield>
    <subfield code="a">družstevnictví</subfield>
  </datafield>
  <datafield tag="377" ind1=" " ind2=" ">
    <subfield code="a">cze</subfield>
    <subfield code="a">ger</subfield>
    <subfield code="a">pol</subfield>
  </datafield>
  <datafield tag="410" ind1="2" ind2=" ">
    <subfield code="a">Ústřední konsumní a úsporné družstvo "Budoucnost" (Moravská Ostrava, Ostrava, Česko)</subfield>
    <subfield code="0">o</subfield>
  </datafield>
  <datafield tag="410" ind1="2" ind2=" ">
    <subfield code="a">Ústřední konzumní a úsporné družstvo "Budoucnost" v Moravské Ostravě</subfield>
    <subfield code="0">o</subfield>
  </datafield>
  <datafield tag="410" ind1="2" ind2=" ">
    <subfield code="a">Ústřední konzumní a úsporné družstvo "Budoucnost" (Moravská Ostrava, Ostrava, Česko)</subfield>
    <subfield code="0">o</subfield>
  </datafield>
  <datafield tag="410" ind1="2" ind2=" ">
    <subfield code="a">Zentral- Konsum- u. Spargenossenschaft "Budoucnost" (Moravská Ostrava, Ostrava, Česko)</subfield>
    <subfield code="2">czeger</subfield>
    <subfield code="0">o</subfield>
  </datafield>
  <datafield tag="410" ind1="2" ind2=" ">
    <subfield code="a">Ústřední konsumní a úsporné družstvo „Budoucnost" v Moravské Ostravě, zapsané společenstvo s obmezeným ručením</subfield>
    <subfield code="0">o</subfield>
  </datafield>
  <datafield tag="410" ind1="2" ind2=" ">
    <subfield code="a">Zentral- Konsum- und Spargenossenschaft „Budoucnost" in Moravská Ostrava</subfield>
    <subfield code="2">czeger</subfield>
    <subfield code="0">o</subfield>
  </datafield>
  <datafield tag="410" ind1="2" ind2=" ">
    <subfield code="a">Centralne spożywcze i oszczędnościowe stowarzyszenie „Budoucnost" w Moravské Ostravě</subfield>
    <subfield code="2">czeger</subfield>
    <subfield code="0">o</subfield>
  </datafield>
  <datafield tag="410" ind1="2" ind2=" ">
    <subfield code="a">Družstvo „Budoucnost" (Moravská Ostrava, Ostrava, Česko)</subfield>
    <subfield code="0">o</subfield>
  </datafield>
  <datafield tag="410" ind1="2" ind2=" ">
    <subfield code="a">Budoucnost (družstvo : Moravská Ostrava, Ostrava, Česko)</subfield>
    <subfield code="0">o</subfield>
  </datafield>
  <datafield tag="670" ind1=" " ind2=" ">
    <subfield code="a">Jahresbericht für das Verwaltungsjahr ... /Zentral- Konsum- u. Spargenossenschaft "Budoucnost"</subfield>
    <subfield code="b">odkaz viz v němčině</subfield>
  </datafield>
  <datafield tag="670" ind1=" " ind2=" ">
    <subfield code="a">www(Wikipedie, otevřená encyklopedie - Budoucnost (družstvo)), cit. 21. 10. 2020</subfield>
    <subfield code="b">autoritní forma</subfield>
    <subfield code="u">https://cs.wikipedia.org/wiki/Budoucnost_(dru%C5%BEstvo)</subfield>
  </datafield>
  <datafield tag="678" ind1=" " ind2=" ">
    <subfield code="a">Družstvo bylo založeno v r. 1919. V r. 1967 byl změněn název družstva na "Budoucnost, lidové spotřební družstvo v Ostravě" a v r. 1978 na ""Budoucnost, spotřební družstvo v Ostravě".</subfield>
  </datafield>
  <datafield tag="906" ind1=" " ind2=" ">
    <subfield code="a">br20201021</subfield>
    <subfield code="b">svsv</subfield>
  </datafield>
</record>