

<record>
  <leader>     nz  a22     n  4500</leader>
  <controlfield tag="001">jo20201089923</controlfield>
  <controlfield tag="003">CZ PrNK</controlfield>
  <controlfield tag="005">20201021125731.0</controlfield>
  <controlfield tag="008">201021|n|aznnnaabn           n a|a      </controlfield>
  <datafield tag="040" ind1=" " ind2=" ">
    <subfield code="a">ABA001</subfield>
    <subfield code="b">cze</subfield>
    <subfield code="e">rda</subfield>
  </datafield>
  <datafield tag="100" ind1="1" ind2=" ">
    <subfield code="a">Amble, John</subfield>
    <subfield code="7">jo20201089923</subfield>
  </datafield>
  <datafield tag="368" ind1=" " ind2=" ">
    <subfield code="d">MA, King's College London (Intelligence and International Security)</subfield>
  </datafield>
  <datafield tag="370" ind1=" " ind2=" ">
    <subfield code="c">Spojené státy americké</subfield>
  </datafield>
  <datafield tag="372" ind1=" " ind2=" ">
    <subfield code="a">mezinárodní bezpečnost</subfield>
    <subfield code="a">bezpečnostní výzkum</subfield>
    <subfield code="a">vojenské zpravodajství</subfield>
    <subfield code="a">vojenství</subfield>
  </datafield>
  <datafield tag="373" ind1=" " ind2=" ">
    <subfield code="a">Modern War Institute (United States Military Academy)</subfield>
    <subfield code="2">LC (Names)</subfield>
  </datafield>
  <datafield tag="374" ind1=" " ind2=" ">
    <subfield code="a">důstojníci</subfield>
    <subfield code="a">váleční veteráni</subfield>
    <subfield code="a">redaktoři</subfield>
    <subfield code="a">publicisté</subfield>
  </datafield>
  <datafield tag="375" ind1=" " ind2=" ">
    <subfield code="a">muž</subfield>
  </datafield>
  <datafield tag="377" ind1=" " ind2=" ">
    <subfield code="a">eng</subfield>
  </datafield>
  <datafield tag="670" ind1=" " ind2=" ">
    <subfield code="a">Strategy strikes back: how Star Wars explains modern military conflict (edited by Max Brooks, John Amble et al.). [Lincoln, Nebraska]: Potomac Books, an imprint of the University of Nebraska Press, ©2018</subfield>
    <subfield code="b">biografické údaje</subfield>
  </datafield>
  <datafield tag="670" ind1=" " ind2=" ">
    <subfield code="a">www(Modern War Institute), cit. 21. 10. 2020</subfield>
    <subfield code="b">biografické údaje</subfield>
  </datafield>
  <datafield tag="670" ind1=" " ind2=" ">
    <subfield code="a">LC (Names), cit. 21. 10. 2020</subfield>
    <subfield code="b">autoritní forma</subfield>
  </datafield>
  <datafield tag="678" ind1="0" ind2=" ">
    <subfield code="a">Americký zpravodajský a bezpečnostní analytik, důstojník US Army Reserve, spoluředitel projektu Urban Warfare, redaktor Modern War Institute na West Point, válečný veterán z Iráku a Afghánistánu. Publikuje o vojenství, zpravodajství, terorismu a Blízkém východě.</subfield>
  </datafield>
  <datafield tag="906" ind1=" " ind2=" ">
    <subfield code="a">br20201021</subfield>
    <subfield code="b">beba</subfield>
  </datafield>
</record>