

<record>
  <leader>     cz  a22     n  4500</leader>
  <controlfield tag="001">uk20201089933</controlfield>
  <controlfield tag="003">CZ PrNK</controlfield>
  <controlfield tag="005">20201023131848.0</controlfield>
  <controlfield tag="008">201021|n|aznnnaabn           n a|a      </controlfield>
  <datafield tag="024" ind1="7" ind2=" ">
    <subfield code="a">0000-0003-1379-1406</subfield>
    <subfield code="2">orcid</subfield>
  </datafield>
  <datafield tag="040" ind1=" " ind2=" ">
    <subfield code="a">HKD003</subfield>
    <subfield code="b">cze</subfield>
    <subfield code="d">HKD003</subfield>
    <subfield code="d">ABA001</subfield>
    <subfield code="e">rda</subfield>
  </datafield>
  <datafield tag="046" ind1=" " ind2=" ">
    <subfield code="f">1987</subfield>
  </datafield>
  <datafield tag="100" ind1="1" ind2=" ">
    <subfield code="a">Opálka, L.,</subfield>
    <subfield code="d">1987-</subfield>
    <subfield code="7">uk20201089933</subfield>
  </datafield>
  <datafield tag="MOR" ind1="0" ind2=" ">
    <subfield code="a">Opálka, Lukáš,</subfield>
    <subfield code="d">1987-</subfield>
    <subfield code="7">uk20201089933</subfield>
  </datafield>
  <datafield tag="368" ind1=" " ind2=" ">
    <subfield code="d">PharmDr.</subfield>
  </datafield>
  <datafield tag="368" ind1=" " ind2=" ">
    <subfield code="a">Ph.D</subfield>
    <subfield code="s">2016</subfield>
  </datafield>
  <datafield tag="370" ind1=" " ind2=" ">
    <subfield code="a">Opava, Česko</subfield>
    <subfield code="c">Česko</subfield>
  </datafield>
  <datafield tag="372" ind1=" " ind2=" ">
    <subfield code="a">farmacie</subfield>
  </datafield>
  <datafield tag="373" ind1=" " ind2=" ">
    <subfield code="a">Univerzita Karlova. Farmaceutická fakulta v Hradci Králové. Katedra organické a bioorganické chemie</subfield>
  </datafield>
  <datafield tag="374" ind1=" " ind2=" ">
    <subfield code="a">farmaceuti</subfield>
    <subfield code="a">vysokoškolští učitelé</subfield>
  </datafield>
  <datafield tag="375" ind1=" " ind2=" ">
    <subfield code="a">muž</subfield>
  </datafield>
  <datafield tag="377" ind1=" " ind2=" ">
    <subfield code="a">cze</subfield>
    <subfield code="a">eng</subfield>
  </datafield>
  <datafield tag="400" ind1="1" ind2=" ">
    <subfield code="a">Opálka, Lukáš,</subfield>
    <subfield code="d">1987-</subfield>
    <subfield code="0">o</subfield>
  </datafield>
  <datafield tag="670" ind1=" " ind2=" ">
    <subfield code="a">Vávrová, K. - Kováčik, A. - Opálka, L.: Ceramides in the Skin Barrier. In: Eur. Pharm. J. Roč. 64, č. 1 (2017), s. 1-8</subfield>
    <subfield code="b">autoritní forma</subfield>
  </datafield>
  <datafield tag="670" ind1=" " ind2=" ">
    <subfield code="a">www(Výzkum a vývoj léčiv | Vědecký portál - Farmaceutická fakulta UK v Hradci Králové), cit. 21. 10. 2020</subfield>
    <subfield code="b">odkaz viz, biografické údaje</subfield>
    <subfield code="u">https://portal.faf.cuni.cz/Profile/Opalka-Lukas/</subfield>
  </datafield>
  <datafield tag="678" ind1="0" ind2=" ">
    <subfield code="a">Narozen 26. 7. 1987 v Opavě. PharmDr., Ph.D., vysokoškolský pedagog působící v oboru farmacie, autor publikací z oboru.</subfield>
  </datafield>
  <datafield tag="906" ind1=" " ind2=" ">
    <subfield code="a">za20201021</subfield>
    <subfield code="b">kakl</subfield>
  </datafield>
  <datafield tag="906" ind1=" " ind2=" ">
    <subfield code="a">no20201023</subfield>
    <subfield code="b">kakl</subfield>
    <subfield code="c">záhlaví - oprava, 400 - nově, 670 - doplnění</subfield>
  </datafield>
  <datafield tag="906" ind1=" " ind2=" ">
    <subfield code="a">oz20201023</subfield>
    <subfield code="b">tone</subfield>
  </datafield>
</record>