

<record>
  <leader>     nz  a22     n  4500</leader>
  <datafield tag="900" ind1=" " ind2=" ">
    <subfield code="a">J-NÁVRH</subfield>
  </datafield>
  <controlfield tag="001">xx0253062</controlfield>
  <controlfield tag="003">CZ PrNK</controlfield>
  <controlfield tag="005">20201021144455.5</controlfield>
  <controlfield tag="008">201021|n|aznnnaabn           n a|a      </controlfield>
  <datafield tag="040" ind1=" " ind2=" ">
    <subfield code="a">ABE304</subfield>
    <subfield code="b">cze</subfield>
    <subfield code="e">rda</subfield>
  </datafield>
  <datafield tag="100" ind1="1" ind2=" ">
    <subfield code="a">Rambert, Marie,</subfield>
    <subfield code="d">1888-1982</subfield>
    <subfield code="7">xx0253062</subfield>
  </datafield>
  <datafield tag="370" ind1=" " ind2=" ">
    <subfield code="c">Polsko</subfield>
    <subfield code="c">Francie</subfield>
    <subfield code="c">Velká Británie</subfield>
  </datafield>
  <datafield tag="372" ind1=" " ind2=" ">
    <subfield code="a">tanec</subfield>
    <subfield code="a">pedagogika</subfield>
  </datafield>
  <datafield tag="374" ind1=" " ind2=" ">
    <subfield code="a">tanečnice</subfield>
    <subfield code="a">pedagožky</subfield>
  </datafield>
  <datafield tag="375" ind1=" " ind2=" ">
    <subfield code="a">žena</subfield>
  </datafield>
  <datafield tag="400" ind1="1" ind2=" ">
    <subfield code="a">Ramberg, Myriam,</subfield>
    <subfield code="d">1888-1982</subfield>
    <subfield code="0">o</subfield>
  </datafield>
  <datafield tag="400" ind1="1" ind2=" ">
    <subfield code="a">Rambach, Marie,</subfield>
    <subfield code="d">1888-1982</subfield>
    <subfield code="0">o</subfield>
  </datafield>
  <datafield tag="400" ind1="1" ind2=" ">
    <subfield code="w">r</subfield>
    <subfield code="i">Skutečné jméno:</subfield>
    <subfield code="a">Rambam, Cyvia,</subfield>
    <subfield code="d">1888-1982</subfield>
    <subfield code="0">o</subfield>
  </datafield>
  <datafield tag="400" ind1="1" ind2=" ">
    <subfield code="a">Ramberg, Marie,</subfield>
    <subfield code="d">1888-1982</subfield>
    <subfield code="0">o</subfield>
  </datafield>
  <datafield tag="670" ind1=" " ind2=" ">
    <subfield code="a">Deakin, Irving: Ballet Profils, 1936</subfield>
  </datafield>
  <datafield tag="670" ind1=" " ind2=" ">
    <subfield code="a">NUKAT, cit. 21. 10. 2020</subfield>
    <subfield code="b">autoritní forma, biografická data, odkazy viz</subfield>
  </datafield>
  <datafield tag="670" ind1=" " ind2=" ">
    <subfield code="a">www(Wikipedia, the free encyclopedia), cit. 21. 10. 2020</subfield>
    <subfield code="b">odkazy viz, biografické údaje</subfield>
    <subfield code="u">https://en.wikipedia.org/wiki/Marie_Rambert</subfield>
  </datafield>
  <datafield tag="678" ind1="0" ind2=" ">
    <subfield code="a">Polsko-britská tanečnice a pedagožka.</subfield>
  </datafield>
  <datafield tag="906" ind1=" " ind2=" ">
    <subfield code="a">za20201021</subfield>
    <subfield code="b">xalso</subfield>
  </datafield>
</record>