

<record>
  <leader>     nz  a22     n  4500</leader>
  <datafield tag="900" ind1=" " ind2=" ">
    <subfield code="a">J-NÁVRH-S</subfield>
  </datafield>
  <controlfield tag="001">js20201089941</controlfield>
  <controlfield tag="003">CZ PrNK</controlfield>
  <controlfield tag="005">20201021144757.0</controlfield>
  <controlfield tag="008">201021|n|aznnnaabn           n a|a      </controlfield>
  <datafield tag="040" ind1=" " ind2=" ">
    <subfield code="a">ABA004</subfield>
    <subfield code="b">cze</subfield>
    <subfield code="e">rda</subfield>
  </datafield>
  <datafield tag="046" ind1=" " ind2=" ">
    <subfield code="f">1928</subfield>
    <subfield code="g">1978</subfield>
  </datafield>
  <datafield tag="100" ind1="1" ind2=" ">
    <subfield code="a">Bojaršinova, Èmilija Ivanovna,</subfield>
    <subfield code="d">1928-1978</subfield>
    <subfield code="7">js20201089941</subfield>
  </datafield>
  <datafield tag="370" ind1=" " ind2=" ">
    <subfield code="c">Rusko</subfield>
    <subfield code="f">Jekaterinburg, Rusko</subfield>
  </datafield>
  <datafield tag="372" ind1=" " ind2=" ">
    <subfield code="a">literární činnost</subfield>
    <subfield code="a">poezie</subfield>
    <subfield code="a">bibliografická činnost</subfield>
    <subfield code="a">redakční práce</subfield>
  </datafield>
  <datafield tag="373" ind1=" " ind2=" ">
    <subfield code="a">Sverdlovskaja oblastnaja universal'naja naučnaja biblioteka im. V.G. Belinskogo</subfield>
  </datafield>
  <datafield tag="374" ind1=" " ind2=" ">
    <subfield code="a">básnířky</subfield>
    <subfield code="a">knihovnice</subfield>
    <subfield code="a">redaktorky</subfield>
  </datafield>
  <datafield tag="375" ind1=" " ind2=" ">
    <subfield code="a">žena</subfield>
  </datafield>
  <datafield tag="377" ind1=" " ind2=" ">
    <subfield code="a">rus</subfield>
  </datafield>
  <datafield tag="670" ind1=" " ind2=" ">
    <subfield code="a">RSL, cit. 21. 10. 2020</subfield>
    <subfield code="b">autoritní forma, datum narození a úmrtí</subfield>
  </datafield>
  <datafield tag="670" ind1=" " ind2=" ">
    <subfield code="a">www(Sverdlovskaja oblastnaja universal‘naja naučnaja biblioteka im. V. G. Belinskogo)</subfield>
    <subfield code="b">biografické údaje</subfield>
    <subfield code="u">http://book.uraic.ru/events/2008/05/21/567</subfield>
  </datafield>
  <datafield tag="670" ind1=" " ind2=" ">
    <subfield code="a">Bojaršinova, Èmilija: Utrennjaja pesnja. Sverdlovsk, 1959</subfield>
  </datafield>
  <datafield tag="678" ind1="0" ind2=" ">
    <subfield code="a">Ruská básnířka, povoláním knihovnice a nakladatelská redaktorka.</subfield>
  </datafield>
  <datafield tag="906" ind1=" " ind2=" ">
    <subfield code="a">za20201021</subfield>
    <subfield code="b">tapo</subfield>
  </datafield>
</record>