

<record>
  <leader>     nz  a22     n  4500</leader>
  <datafield tag="900" ind1=" " ind2=" ">
    <subfield code="a">N-NÁVRH-VP</subfield>
  </datafield>
  <controlfield tag="001">aun20201089956</controlfield>
  <controlfield tag="003">CZ PrNK</controlfield>
  <controlfield tag="005">20201021172223.0</controlfield>
  <controlfield tag="008">201021|n|aznnnaabn           n a|a      </controlfield>
  <datafield tag="040" ind1=" " ind2=" ">
    <subfield code="a">ABA001</subfield>
    <subfield code="b">cze</subfield>
    <subfield code="e">rda</subfield>
  </datafield>
  <datafield tag="100" ind1="1" ind2=" ">
    <subfield code="a">Picasso, Pablo,</subfield>
    <subfield code="d">1881-1973.</subfield>
    <subfield code="t">Avignonské slečny</subfield>
    <subfield code="7">aun20201089956</subfield>
  </datafield>
  <datafield tag="670" ind1=" " ind2=" ">
    <subfield code="a">BLIER, Suzanne Preston. Picasso's Demoiselles: the untold origins of a modern masterpiece. Durham: Duke University Press, 2019.</subfield>
  </datafield>
  <datafield tag="678" ind1=" " ind2=" ">
    <subfield code="a">Obraz z roku 1907. Museum of Modern Art, New York.</subfield>
  </datafield>
  <datafield tag="700" ind1="1" ind2="7">
    <subfield code="a">Picasso, Pablo,</subfield>
    <subfield code="d">1881-1973.</subfield>
    <subfield code="t">Demoiselles d'Avignon</subfield>
    <subfield code="2">czenas</subfield>
  </datafield>
  <datafield tag="700" ind1="1" ind2="7">
    <subfield code="a">Picasso, Pablo,</subfield>
    <subfield code="d">1881-1973.</subfield>
    <subfield code="t">Young Ladies of Avignon</subfield>
    <subfield code="2">czenas</subfield>
  </datafield>
  <datafield tag="906" ind1=" " ind2=" ">
    <subfield code="a">za20201021</subfield>
    <subfield code="b">evko</subfield>
  </datafield>
</record>