

<record>
  <leader>     nz  a22     n  4500</leader>
  <controlfield tag="001">aun20201089958</controlfield>
  <controlfield tag="003">CZ PrNK</controlfield>
  <controlfield tag="005">20201021173246.0</controlfield>
  <controlfield tag="008">201021|n|aznnnaabn           n a|a      </controlfield>
  <datafield tag="040" ind1=" " ind2=" ">
    <subfield code="a">ABA001</subfield>
    <subfield code="b">cze</subfield>
    <subfield code="e">rda</subfield>
  </datafield>
  <datafield tag="100" ind1="1" ind2=" ">
    <subfield code="a">Wodehouse, P. G.</subfield>
    <subfield code="q">(Pelham Grenville),</subfield>
    <subfield code="d">1881-1975.</subfield>
    <subfield code="t">Pearls, girls and Monty Bodkin.</subfield>
    <subfield code="l">Česky</subfield>
    <subfield code="7">aun20201089958</subfield>
  </datafield>
  <datafield tag="400" ind1="1" ind2=" ">
    <subfield code="a">Wodehouse, P. G.</subfield>
    <subfield code="q">(Pelham Grenville),</subfield>
    <subfield code="d">1881-1975.</subfield>
    <subfield code="t">Monty Bodkin se vrací</subfield>
    <subfield code="0">o</subfield>
  </datafield>
  <datafield tag="670" ind1=" " ind2=" ">
    <subfield code="a">LC (Names), cit. 21. 10. 2020</subfield>
  </datafield>
  <datafield tag="670" ind1=" " ind2=" ">
    <subfield code="a">www(Wikipedia, the free encyclopedia), cit. 21. 10. 2020</subfield>
  </datafield>
  <datafield tag="670" ind1=" " ind2=" ">
    <subfield code="a">Pelham Grenville Wodehouse: Monty Bodkin se vrací. V Praze : Vyšehrad, 2020</subfield>
  </datafield>
  <datafield tag="678" ind1=" " ind2=" ">
    <subfield code="a">Volně navazuje na román Šťastná mořeplavba Montyho Bodkina.</subfield>
  </datafield>
  <datafield tag="856" ind1="4" ind2="2">
    <subfield code="u">https://www.databazeknih.cz/autori/pelham-grenville-wodehouse-3235</subfield>
    <subfield code="4">N</subfield>
  </datafield>
  <datafield tag="906" ind1=" " ind2=" ">
    <subfield code="a">br20201021</subfield>
    <subfield code="b">blau</subfield>
  </datafield>
  <datafield tag="906" ind1=" " ind2=" ">
    <subfield code="a">ks20201021</subfield>
    <subfield code="b">blau</subfield>
  </datafield>
</record>