

<record>
  <leader>     cz  a22     n  4500</leader>
  <controlfield tag="001">aun20201089961</controlfield>
  <controlfield tag="003">CZ PrNK</controlfield>
  <controlfield tag="005">20201022075825.0</controlfield>
  <controlfield tag="008">201021|n|aznnnaabn           n a|a      </controlfield>
  <datafield tag="040" ind1=" " ind2=" ">
    <subfield code="a">ABA001</subfield>
    <subfield code="b">cze</subfield>
    <subfield code="e">rda</subfield>
  </datafield>
  <datafield tag="100" ind1="1" ind2=" ">
    <subfield code="a">Shaw, Bernard,</subfield>
    <subfield code="d">1856-1950.</subfield>
    <subfield code="t">Back to Methuselah.</subfield>
    <subfield code="l">Česky</subfield>
    <subfield code="7">aun20201089961</subfield>
  </datafield>
  <datafield tag="MOR" ind1=" " ind2=" ">
    <subfield code="a">Shaw, Bernard,</subfield>
    <subfield code="d">1856-1950.</subfield>
    <subfield code="t">Back to Methuselah</subfield>
    <subfield code="l">Česky</subfield>
    <subfield code="7">aun20201089961</subfield>
  </datafield>
  <datafield tag="400" ind1="1" ind2=" ">
    <subfield code="a">Shaw, Bernard,</subfield>
    <subfield code="d">1856-1950.</subfield>
    <subfield code="t">Zpět k Methusalemovi</subfield>
    <subfield code="0">o</subfield>
  </datafield>
  <datafield tag="670" ind1=" " ind2=" ">
    <subfield code="a">LC (Names), cit. 21. 10. 2020</subfield>
  </datafield>
  <datafield tag="670" ind1=" " ind2=" ">
    <subfield code="a">www(Wikipedie, otevřená encyklopedie), cit. 21. 10. 2020</subfield>
  </datafield>
  <datafield tag="670" ind1=" " ind2=" ">
    <subfield code="a">George Bernard Shaw: Zpět k Methusalemovi. Praha : Družstevní práce, 1929</subfield>
  </datafield>
  <datafield tag="856" ind1="4" ind2="2">
    <subfield code="u">http://www.gutenberg.org/ebooks/13084</subfield>
    <subfield code="4">N</subfield>
  </datafield>
  <datafield tag="906" ind1=" " ind2=" ">
    <subfield code="a">br20201021</subfield>
    <subfield code="b">blau</subfield>
  </datafield>
  <datafield tag="906" ind1=" " ind2=" ">
    <subfield code="a">ks20201021</subfield>
    <subfield code="b">blau</subfield>
  </datafield>
  <datafield tag="906" ind1=" " ind2=" ">
    <subfield code="a">oz20201022</subfield>
    <subfield code="b">jasv</subfield>
  </datafield>
</record>