

<record>
  <leader>     nz  a22     n  4500</leader>
  <datafield tag="900" ind1=" " ind2=" ">
    <subfield code="a">N-NÁVRH-VP</subfield>
  </datafield>
  <controlfield tag="001">aun20201089963</controlfield>
  <controlfield tag="003">CZ PrNK</controlfield>
  <controlfield tag="005">20201022153401.0</controlfield>
  <controlfield tag="008">201021|n|aznnnaabn           n a|a      </controlfield>
  <datafield tag="040" ind1=" " ind2=" ">
    <subfield code="a">ABA001</subfield>
    <subfield code="b">cze</subfield>
    <subfield code="e">rda</subfield>
  </datafield>
  <datafield tag="100" ind1="1" ind2=" ">
    <subfield code="a">Dürer, Albrecht,</subfield>
    <subfield code="d">1471-1528.</subfield>
    <subfield code="t">Mädchen mit Fackel</subfield>
    <subfield code="7">aun20201089963</subfield>
  </datafield>
  <datafield tag="670" ind1=" " ind2=" ">
    <subfield code="a">SCHAUERTE, Thomas. Albrecht Dürer: Mädchen mit Fackel: eine Studie. Oetwil an der Limmat: Jörg Rolf Kistner, 2019.</subfield>
  </datafield>
  <datafield tag="678" ind1=" " ind2=" ">
    <subfield code="a">Perokresba z doby kolem roku 1495. Nachází se v soukromé sbírce.</subfield>
  </datafield>
  <datafield tag="700" ind1="1" ind2="7">
    <subfield code="a">Dürer, Albrecht,</subfield>
    <subfield code="d">1471-1528.</subfield>
    <subfield code="t">Standing girl carrying a torch and a shield</subfield>
    <subfield code="2">czenas</subfield>
  </datafield>
  <datafield tag="906" ind1=" " ind2=" ">
    <subfield code="a">za20201021</subfield>
    <subfield code="b">evko</subfield>
  </datafield>
</record>