

<record>
  <leader>     nz  a22     n  4500</leader>
  <controlfield tag="001">xx0253114</controlfield>
  <controlfield tag="003">CZ PrNK</controlfield>
  <controlfield tag="005">20201022084634.0</controlfield>
  <controlfield tag="008">201021|n|aznnnaabn           n a|a      </controlfield>
  <datafield tag="040" ind1=" " ind2=" ">
    <subfield code="a">ABA008</subfield>
    <subfield code="b">cze</subfield>
    <subfield code="d">ABA001</subfield>
    <subfield code="e">rda</subfield>
  </datafield>
  <datafield tag="100" ind1="1" ind2=" ">
    <subfield code="a">Pavlová, Petra</subfield>
    <subfield code="7">xx0253114</subfield>
  </datafield>
  <datafield tag="368" ind1=" " ind2=" ">
    <subfield code="d">Mgr.</subfield>
  </datafield>
  <datafield tag="368" ind1=" " ind2=" ">
    <subfield code="d">Ph.D.</subfield>
    <subfield code="s">2018</subfield>
  </datafield>
  <datafield tag="370" ind1=" " ind2=" ">
    <subfield code="c">Česko</subfield>
  </datafield>
  <datafield tag="372" ind1=" " ind2=" ">
    <subfield code="a">ošetřovatelství</subfield>
    <subfield code="a">porodnictví</subfield>
  </datafield>
  <datafield tag="374" ind1=" " ind2=" ">
    <subfield code="a">porodní asistentky</subfield>
    <subfield code="a">vysokoškolské učitelky</subfield>
  </datafield>
  <datafield tag="375" ind1=" " ind2=" ">
    <subfield code="a">žena</subfield>
  </datafield>
  <datafield tag="377" ind1=" " ind2=" ">
    <subfield code="a">cze</subfield>
  </datafield>
  <datafield tag="670" ind1=" " ind2=" ">
    <subfield code="a">Pavlová, Petra: Řízení kvality v perioperační péči. Ošetřovatelství a porodní asistence, 2013, roč. 4, č. 4, s. 693-699.</subfield>
    <subfield code="b">autoritní forma</subfield>
  </datafield>
  <datafield tag="670" ind1=" " ind2=" ">
    <subfield code="a">www(Fakulta zdravotnických studií, Univerzita Pardubice), cit. 21. 10. 2020</subfield>
    <subfield code="b">tituly, profesní data</subfield>
  </datafield>
  <datafield tag="670" ind1=" " ind2=" ">
    <subfield code="a">Pavlová, Petra: Kvalita perioperační péče z pohledu ošetřovatelství [disertační práce]. Univerzita Pardubice, 2018.</subfield>
    <subfield code="b">rok získání titulu</subfield>
  </datafield>
  <datafield tag="678" ind1="0" ind2=" ">
    <subfield code="a">Mgr., Ph.D., porodní asistentka, vysokoškolská pedagožka v oboru ošetřovatelství, porodní asistence (Katedra porodní asistence a zdravotně sociální práce, Fakulta zdravotnických studií, Univerzita Pardubice).</subfield>
  </datafield>
  <datafield tag="906" ind1=" " ind2=" ">
    <subfield code="a">za20201021</subfield>
    <subfield code="b">xleka</subfield>
  </datafield>
  <datafield tag="906" ind1=" " ind2=" ">
    <subfield code="a">fr20201022</subfield>
    <subfield code="b">lisi</subfield>
  </datafield>
</record>