

<record>
  <leader>     nz  a22     n  4500</leader>
  <controlfield tag="001">kon20201090020</controlfield>
  <controlfield tag="003">CZ PrNK</controlfield>
  <controlfield tag="005">20201022084254.0</controlfield>
  <controlfield tag="008">201022|n|aznnnaabn           n a|a      </controlfield>
  <datafield tag="040" ind1=" " ind2=" ">
    <subfield code="a">ABA001</subfield>
    <subfield code="b">cze</subfield>
    <subfield code="e">rda</subfield>
  </datafield>
  <datafield tag="110" ind1="2" ind2=" ">
    <subfield code="a">Pozemkový ústav v Olomouci.</subfield>
    <subfield code="t">Výroční zpráva (Pozemkový ústav v Olomouci)</subfield>
    <subfield code="7">kon20201090020</subfield>
  </datafield>
  <datafield tag="410" ind1="2" ind2=" ">
    <subfield code="a">Pozemkový ústav v Olomouci.</subfield>
    <subfield code="t">Výroční zpráva Pozemkového ústavu v Olomouci</subfield>
    <subfield code="0">o</subfield>
  </datafield>
  <datafield tag="410" ind1="2" ind2=" ">
    <subfield code="a">Pozemkový ústav v Olomouci.</subfield>
    <subfield code="t">Výroční zpráva a rozvaha Pozemkového ústavu v Olomouci</subfield>
    <subfield code="0">o</subfield>
  </datafield>
  <datafield tag="670" ind1=" " ind2=" ">
    <subfield code="a">... výroční zpráva Pozemkového ústavu v Olomouci. Olomouc : Pozemkový ústav v Olomouci, [1914-1948]</subfield>
  </datafield>
  <datafield tag="906" ind1=" " ind2=" ">
    <subfield code="a">br20201022</subfield>
    <subfield code="b">juri</subfield>
  </datafield>
  <datafield tag="906" ind1=" " ind2=" ">
    <subfield code="a">ks20201022</subfield>
    <subfield code="b">juri</subfield>
  </datafield>
</record>