

<record>
  <leader>     nz  a22     n  4500</leader>
  <controlfield tag="001">aun20201090025</controlfield>
  <controlfield tag="003">CZ PrNK</controlfield>
  <controlfield tag="005">20201022090738.0</controlfield>
  <controlfield tag="008">201022|n|aznnnaabn           n a|a      </controlfield>
  <datafield tag="040" ind1=" " ind2=" ">
    <subfield code="a">ABA001</subfield>
    <subfield code="b">cze</subfield>
    <subfield code="e">rda</subfield>
  </datafield>
  <datafield tag="100" ind1="1" ind2=" ">
    <subfield code="a">Turgenev, Ivan Sergejevič,</subfield>
    <subfield code="d">1818-1883.</subfield>
    <subfield code="t">Bezdenež‘je.</subfield>
    <subfield code="l">Česky</subfield>
    <subfield code="7">aun20201090025</subfield>
  </datafield>
  <datafield tag="400" ind1="1" ind2=" ">
    <subfield code="a">Turgenev, Ivan Sergejevič,</subfield>
    <subfield code="d">1818-1883.</subfield>
    <subfield code="t">Bez peněz</subfield>
    <subfield code="0">o</subfield>
  </datafield>
  <datafield tag="670" ind1=" " ind2=" ">
    <subfield code="a">RSL, cit. 22. 10. 2020</subfield>
  </datafield>
  <datafield tag="670" ind1=" " ind2=" ">
    <subfield code="a">Ivan Sergejevič Turgeněv: Snídaně u maršálka ; Bez peněz. Praha : Dilia, 1971</subfield>
  </datafield>
  <datafield tag="856" ind1="4" ind2="2">
    <subfield code="u">https://vltava.rozhlas.cz/ivan-sergejevic-turgenev-bez-penez-5052198</subfield>
    <subfield code="4">N</subfield>
  </datafield>
  <datafield tag="906" ind1=" " ind2=" ">
    <subfield code="a">br20201022</subfield>
    <subfield code="b">blau</subfield>
  </datafield>
  <datafield tag="906" ind1=" " ind2=" ">
    <subfield code="a">ks20201022</subfield>
    <subfield code="b">blau</subfield>
  </datafield>
</record>