

<record>
  <leader>     nz  a22     n  4500</leader>
  <controlfield tag="001">xx0253117</controlfield>
  <controlfield tag="003">CZ PrNK</controlfield>
  <controlfield tag="005">20201022140050.0</controlfield>
  <controlfield tag="008">201022|n|aznnnaabn           n a|a      </controlfield>
  <datafield tag="040" ind1=" " ind2=" ">
    <subfield code="a">BOD008</subfield>
    <subfield code="b">cze</subfield>
    <subfield code="d">ABA001</subfield>
    <subfield code="e">rda</subfield>
  </datafield>
  <datafield tag="046" ind1=" " ind2=" ">
    <subfield code="f">1966</subfield>
  </datafield>
  <datafield tag="100" ind1="1" ind2=" ">
    <subfield code="a">Murray, Dennis,</subfield>
    <subfield code="d">1966-</subfield>
    <subfield code="7">xx0253117</subfield>
  </datafield>
  <datafield tag="370" ind1=" " ind2=" ">
    <subfield code="c">Kanada</subfield>
  </datafield>
  <datafield tag="372" ind1=" " ind2=" ">
    <subfield code="a">biologie</subfield>
    <subfield code="a">populační biologie</subfield>
    <subfield code="a">populační dynamika</subfield>
    <subfield code="a">ekologie živočichů</subfield>
    <subfield code="a">divoká zvířata</subfield>
  </datafield>
  <datafield tag="374" ind1=" " ind2=" ">
    <subfield code="a">biologové</subfield>
    <subfield code="a">ekologové</subfield>
    <subfield code="a">vysokoškolští učitelé</subfield>
  </datafield>
  <datafield tag="375" ind1=" " ind2=" ">
    <subfield code="a">muž</subfield>
  </datafield>
  <datafield tag="377" ind1=" " ind2=" ">
    <subfield code="a">eng</subfield>
  </datafield>
  <datafield tag="400" ind1="1" ind2=" ">
    <subfield code="a">Murray, Dennis L.,</subfield>
    <subfield code="d">1966-</subfield>
    <subfield code="0">o</subfield>
  </datafield>
  <datafield tag="670" ind1=" " ind2=" ">
    <subfield code="a">Murray, Dennis - Sandercock, Brett K. (eds.): Population ecology in practice, 2020</subfield>
    <subfield code="b">odkaz viz, profesní a biografické údaje</subfield>
  </datafield>
  <datafield tag="670" ind1=" " ind2=" ">
    <subfield code="a">LC (Names), cit. 22. 10. 2020</subfield>
    <subfield code="b">autoritní forma, datum narození, obor působení</subfield>
  </datafield>
  <datafield tag="670" ind1=" " ind2=" ">
    <subfield code="a">www(Dennis L. Murray - Trent University), cit. 22. 10. 2020</subfield>
    <subfield code="b">profesní biografie</subfield>
    <subfield code="u">https://www.trentu.ca/biology/faculty-research/faculty/dennis-l-murray</subfield>
  </datafield>
  <datafield tag="678" ind1="0" ind2=" ">
    <subfield code="a">Kanadský profesor biologie, zaměřený na ochranu volně žijících zvířat, bioinformatiku a ekologické modelování. Publikace a odborné články z oboru.</subfield>
  </datafield>
  <datafield tag="906" ind1=" " ind2=" ">
    <subfield code="a">za20201022</subfield>
    <subfield code="b">xsist</subfield>
  </datafield>
  <datafield tag="906" ind1=" " ind2=" ">
    <subfield code="a">vr20201022</subfield>
    <subfield code="b">maku</subfield>
  </datafield>
</record>