

<record>
  <leader>     nz  a22     n  4500</leader>
  <controlfield tag="001">kon20201090031</controlfield>
  <controlfield tag="003">CZ PrNK</controlfield>
  <controlfield tag="005">20201022093913.0</controlfield>
  <controlfield tag="008">201022|n|aznnnaabn           n a|a      </controlfield>
  <datafield tag="040" ind1=" " ind2=" ">
    <subfield code="a">ABA001</subfield>
    <subfield code="b">cze</subfield>
    <subfield code="e">rda</subfield>
  </datafield>
  <datafield tag="110" ind1="2" ind2=" ">
    <subfield code="a">Prager Witwen- und Waisen- Versorgungs-Anstalt der gewerbführenden Bürger.</subfield>
    <subfield code="t">Výroční zpráva (Prager Witwen- und Waisen- Versorgungs-Anstalt der gewerbführenden Bürger).</subfield>
    <subfield code="l">Německy</subfield>
    <subfield code="7">kon20201090031</subfield>
  </datafield>
  <datafield tag="410" ind1="2" ind2=" ">
    <subfield code="a">Prager Witwen- und Waisen- Versorgungs-Anstalt der gewerbführenden Bürger.</subfield>
    <subfield code="t">Ausweis über den Stand der wirklich lebenden Mitglieder und der in Versorgung stehenden Witwen und Waisen der prager Versorgungsanstalt der gewerbführender Bürger</subfield>
    <subfield code="0">o</subfield>
  </datafield>
  <datafield tag="410" ind1="2" ind2=" ">
    <subfield code="a">Prager Witwen- und Waisen- Versorgungs-Anstalt der gewerbführenden Bürger.</subfield>
    <subfield code="t">Ausweis über den Stand der ebenden Mitglieder und der in Versorgung stehenden Witwen und Waisen der prager Versorgungsanstalt gewerbführender Bürger</subfield>
    <subfield code="0">o</subfield>
  </datafield>
  <datafield tag="670" ind1=" " ind2=" ">
    <subfield code="a">Prager Witwen- und Waisen- Versorgungsanstalt für gewerbfůhrende Bůrger. Prag : auf Kosten des Aktuars, [1804-1874?]</subfield>
  </datafield>
  <datafield tag="906" ind1=" " ind2=" ">
    <subfield code="a">br20201022</subfield>
    <subfield code="b">juri</subfield>
  </datafield>
  <datafield tag="906" ind1=" " ind2=" ">
    <subfield code="a">ks20201022</subfield>
    <subfield code="b">juri</subfield>
  </datafield>
</record>