

<record>
  <leader>     nz  a22     n  4500</leader>
  <controlfield tag="001">jo20201090032</controlfield>
  <controlfield tag="003">CZ PrNK</controlfield>
  <controlfield tag="005">20201022094349.0</controlfield>
  <controlfield tag="008">201022|n|aznnnaabn           n a|a      </controlfield>
  <datafield tag="040" ind1=" " ind2=" ">
    <subfield code="a">ABA001</subfield>
    <subfield code="b">cze</subfield>
    <subfield code="e">rda</subfield>
  </datafield>
  <datafield tag="100" ind1="1" ind2=" ">
    <subfield code="a">Kaminska, Barbara A.</subfield>
    <subfield code="7">jo20201090032</subfield>
  </datafield>
  <datafield tag="368" ind1=" " ind2=" ">
    <subfield code="d">Ph.D., Art History; University of California, Santa Barbara</subfield>
    <subfield code="s">2014</subfield>
  </datafield>
  <datafield tag="370" ind1=" " ind2=" ">
    <subfield code="c">Spojené státy americké</subfield>
  </datafield>
  <datafield tag="372" ind1=" " ind2=" ">
    <subfield code="a">dějiny umění</subfield>
  </datafield>
  <datafield tag="374" ind1=" " ind2=" ">
    <subfield code="a">historičky umění</subfield>
    <subfield code="a">vysokoškolské učitelky</subfield>
  </datafield>
  <datafield tag="375" ind1=" " ind2=" ">
    <subfield code="a">žena</subfield>
  </datafield>
  <datafield tag="377" ind1=" " ind2=" ">
    <subfield code="a">eng</subfield>
  </datafield>
  <datafield tag="400" ind1="1" ind2=" ">
    <subfield code="a">Kaminska, Barbara Alicja</subfield>
    <subfield code="0">o</subfield>
  </datafield>
  <datafield tag="400" ind1="1" ind2=" ">
    <subfield code="a">Kaminska, Barbara</subfield>
    <subfield code="0">o</subfield>
  </datafield>
  <datafield tag="670" ind1=" " ind2=" ">
    <subfield code="a">Kaminska, Barbara A.: Pieter Bruegel the Elder: religious art for the urban community. Leiden: Boston, [2019]</subfield>
    <subfield code="b">biografické údaje, pole 368</subfield>
  </datafield>
  <datafield tag="670" ind1=" " ind2=" ">
    <subfield code="a">LC (Names), cit. 22. 10. 2020</subfield>
    <subfield code="b">autoritní forma, odkaz viz, biografické údaje</subfield>
  </datafield>
  <datafield tag="670" ind1=" " ind2=" ">
    <subfield code="a">www(Art Department - Sam Houston State University), cit. 22. 10. 2020</subfield>
    <subfield code="b">odkaz viz, biografické údaje</subfield>
  </datafield>
  <datafield tag="678" ind1="0" ind2=" ">
    <subfield code="a">Historička umění, vysokoškolská pedagožka.</subfield>
  </datafield>
  <datafield tag="906" ind1=" " ind2=" ">
    <subfield code="a">br20201022</subfield>
    <subfield code="b">lisi</subfield>
  </datafield>
</record>