

<record>
  <leader>     nz  a22     n  4500</leader>
  <controlfield tag="001">jo20201090044</controlfield>
  <controlfield tag="003">CZ PrNK</controlfield>
  <controlfield tag="005">20201022102722.0</controlfield>
  <controlfield tag="008">201022|n|aznnnaabn           n a|a      </controlfield>
  <datafield tag="040" ind1=" " ind2=" ">
    <subfield code="a">ABA001</subfield>
    <subfield code="b">cze</subfield>
    <subfield code="e">rda</subfield>
  </datafield>
  <datafield tag="100" ind1="1" ind2=" ">
    <subfield code="a">Neves, Katja Grötzner</subfield>
    <subfield code="7">jo20201090044</subfield>
  </datafield>
  <datafield tag="370" ind1=" " ind2=" ">
    <subfield code="c">Kanada</subfield>
    <subfield code="f">Québec, Québec</subfield>
  </datafield>
  <datafield tag="372" ind1=" " ind2=" ">
    <subfield code="a">botanické zahrady</subfield>
    <subfield code="a">sociální antropologie</subfield>
    <subfield code="a">kulturní antropologie</subfield>
    <subfield code="a">ekologie</subfield>
    <subfield code="a">biodiverzita</subfield>
  </datafield>
  <datafield tag="374" ind1=" " ind2=" ">
    <subfield code="a">sociální antropoložky</subfield>
    <subfield code="a">kulturní antropoložky</subfield>
    <subfield code="a">ekoložky</subfield>
    <subfield code="a">vysokoškolské učitelky</subfield>
  </datafield>
  <datafield tag="375" ind1=" " ind2=" ">
    <subfield code="a">žena</subfield>
  </datafield>
  <datafield tag="377" ind1=" " ind2=" ">
    <subfield code="a">eng</subfield>
  </datafield>
  <datafield tag="400" ind1="1" ind2=" ">
    <subfield code="a">Neves, Katja</subfield>
    <subfield code="0">o</subfield>
  </datafield>
  <datafield tag="670" ind1=" " ind2=" ">
    <subfield code="a">Neves, Katja Grötzner: Postnormal conservation :botanic gardens and the reordering of biodiversity governance, [2019]</subfield>
  </datafield>
  <datafield tag="670" ind1=" " ind2=" ">
    <subfield code="a">LC (Names), cit. 22. 10. 2020</subfield>
    <subfield code="b">autoritní forma</subfield>
  </datafield>
  <datafield tag="670" ind1=" " ind2=" ">
    <subfield code="a">www(Concordia University - Faculty - Dr. Katja Grötzner Neves, Lic. BA Honours; MA; PhD), cit. 22. 10. 2020</subfield>
    <subfield code="b">odkaz viz, biografické údaje</subfield>
  </datafield>
  <datafield tag="670" ind1=" " ind2=" ">
    <subfield code="a">www(Katja NEVES - ResearchGate), cit. 22. 10. 2020</subfield>
    <subfield code="b">biografické údaje</subfield>
  </datafield>
  <datafield tag="678" ind1="0" ind2=" ">
    <subfield code="a">Sociální a kulturní antropoložka, zaměřená na etnografii, politickou ekologii, sociálně-ekologickou dynamiku a botanické zahrady a jejich vztah k biodiverzitě. Vysokoškolská pedagožka. Působí v Kanadě.</subfield>
  </datafield>
  <datafield tag="906" ind1=" " ind2=" ">
    <subfield code="a">br20201022</subfield>
    <subfield code="b">kurd</subfield>
  </datafield>
</record>