

<record>
  <leader>     nz  a22     n  4500</leader>
  <controlfield tag="001">jo20201090051</controlfield>
  <controlfield tag="003">CZ PrNK</controlfield>
  <controlfield tag="005">20201022104524.0</controlfield>
  <controlfield tag="008">201022|n|aznnnaabn           n a|a      </controlfield>
  <datafield tag="040" ind1=" " ind2=" ">
    <subfield code="a">ABA001</subfield>
    <subfield code="b">cze</subfield>
    <subfield code="e">rda</subfield>
  </datafield>
  <datafield tag="100" ind1="1" ind2=" ">
    <subfield code="a">Halliburton, Ben</subfield>
    <subfield code="7">jo20201090051</subfield>
  </datafield>
  <datafield tag="372" ind1=" " ind2=" ">
    <subfield code="a">dějiny</subfield>
    <subfield code="a">medievalistika</subfield>
    <subfield code="a">křížové výpravy</subfield>
    <subfield code="a">aristokracie</subfield>
  </datafield>
  <datafield tag="374" ind1=" " ind2=" ">
    <subfield code="a">historici</subfield>
    <subfield code="a">medievalisté</subfield>
  </datafield>
  <datafield tag="375" ind1=" " ind2=" ">
    <subfield code="a">muž</subfield>
  </datafield>
  <datafield tag="400" ind1="1" ind2=" ">
    <subfield code="a">Halliburton, Benjamin</subfield>
    <subfield code="0">o</subfield>
  </datafield>
  <datafield tag="670" ind1=" " ind2=" ">
    <subfield code="a">Parker, Matthew E., (ed.) - Halliburton, Ben, (ed.) - Romine, Anne, (ed.): Crusading in art, thought and will. Leiden: Brill, [2019]</subfield>
  </datafield>
  <datafield tag="670" ind1=" " ind2=" ">
    <subfield code="a">LC (Names), cit. 22. 10. 2020</subfield>
    <subfield code="b">autoritní forma, biografické údaje</subfield>
  </datafield>
  <datafield tag="670" ind1=" " ind2=" ">
    <subfield code="a">www(Graduate Student Profiles : SLU), cit. 22. 10. 2020</subfield>
    <subfield code="b">biografické údaje, odkaz viz</subfield>
  </datafield>
  <datafield tag="678" ind1="0" ind2=" ">
    <subfield code="a">Historik, mediavalista, specializace na dějiny křížových výprav a středověkou aristokracii.</subfield>
  </datafield>
  <datafield tag="906" ind1=" " ind2=" ">
    <subfield code="a">br20201022</subfield>
    <subfield code="b">lisi</subfield>
  </datafield>
</record>