

<record>
  <leader>     cz  a22     n  4500</leader>
  <controlfield tag="001">xx0253123</controlfield>
  <controlfield tag="003">CZ PrNK</controlfield>
  <controlfield tag="005">20201023170546.0</controlfield>
  <controlfield tag="008">201022|n|aznnnaabn           n a|a      </controlfield>
  <datafield tag="040" ind1=" " ind2=" ">
    <subfield code="a">ABE370</subfield>
    <subfield code="b">cze</subfield>
    <subfield code="d">ABA001</subfield>
    <subfield code="e">rda</subfield>
  </datafield>
  <datafield tag="046" ind1=" " ind2=" ">
    <subfield code="f">1885</subfield>
    <subfield code="g">1961</subfield>
  </datafield>
  <datafield tag="100" ind1="1" ind2=" ">
    <subfield code="a">Kolář, Jan Nepomuk,</subfield>
    <subfield code="d">1885-1961</subfield>
    <subfield code="7">xx0253123</subfield>
  </datafield>
  <datafield tag="370" ind1=" " ind2=" ">
    <subfield code="a">Praha, Česko</subfield>
    <subfield code="b">Praha, Česko</subfield>
    <subfield code="c">Česko</subfield>
  </datafield>
  <datafield tag="372" ind1=" " ind2=" ">
    <subfield code="a">hudba</subfield>
  </datafield>
  <datafield tag="374" ind1=" " ind2=" ">
    <subfield code="a">hudební skladatelé</subfield>
    <subfield code="a">varhaníci</subfield>
    <subfield code="a">hudební pedagogové</subfield>
  </datafield>
  <datafield tag="375" ind1=" " ind2=" ">
    <subfield code="a">muž</subfield>
  </datafield>
  <datafield tag="670" ind1=" " ind2=" ">
    <subfield code="a">Kolář, Jan Nepomuk. Otče náš: solo pro vyšši hlas s průvodem harfy (ad lib. klavíru nebo varhan): 1941 [rukopis]. 1941. 1 partitura</subfield>
    <subfield code="b">autoritní forma</subfield>
  </datafield>
  <datafield tag="670" ind1=" " ind2=" ">
    <subfield code="a">Československý hudební slovník osob a institucí</subfield>
    <subfield code="b">data, biografické údaje</subfield>
  </datafield>
  <datafield tag="678" ind1="0" ind2=" ">
    <subfield code="a">Narozen 14. 2. 1885 v Praze, zemřel 12. 3. 1961 tamtéž. Hudební skladatel, pedagog a varhaník.</subfield>
  </datafield>
  <datafield tag="906" ind1=" " ind2=" ">
    <subfield code="a">za20201022</subfield>
    <subfield code="b">xdars</subfield>
  </datafield>
  <datafield tag="906" ind1=" " ind2=" ">
    <subfield code="a">op20201023</subfield>
    <subfield code="b">beba</subfield>
    <subfield code="c">670b další výskyt, oprava; 670a doplnění</subfield>
  </datafield>
</record>