

<record>
  <leader>     nz  a22     n  4500</leader>
  <controlfield tag="001">ko20201090054</controlfield>
  <controlfield tag="003">CZ PrNK</controlfield>
  <controlfield tag="005">20201022105238.0</controlfield>
  <controlfield tag="008">201022|n|aznnnaabn           n a|a      </controlfield>
  <datafield tag="040" ind1=" " ind2=" ">
    <subfield code="a">ABA001</subfield>
    <subfield code="b">cze</subfield>
    <subfield code="e">rda</subfield>
  </datafield>
  <datafield tag="110" ind1="2" ind2=" ">
    <subfield code="a">Ústředí starostenských sborů slezských</subfield>
    <subfield code="7">ko20201090054</subfield>
  </datafield>
  <datafield tag="368" ind1=" " ind2=" ">
    <subfield code="a">profesní svazy</subfield>
  </datafield>
  <datafield tag="370" ind1=" " ind2=" ">
    <subfield code="c">Česko</subfield>
    <subfield code="e">Orlová, Česko</subfield>
    <subfield code="e">Slezská Ostrava, Ostrava, Česko</subfield>
    <subfield code="f">Československo</subfield>
    <subfield code="f">Rakousko-Uhersko</subfield>
  </datafield>
  <datafield tag="372" ind1=" " ind2=" ">
    <subfield code="a">městská správa</subfield>
    <subfield code="a">starostové</subfield>
  </datafield>
  <datafield tag="377" ind1=" " ind2=" ">
    <subfield code="a">cze</subfield>
    <subfield code="a">ger</subfield>
    <subfield code="a">pol</subfield>
  </datafield>
  <datafield tag="410" ind1="2" ind2=" ">
    <subfield code="a">Ústředí starostenských slezských sborů</subfield>
    <subfield code="0">o</subfield>
  </datafield>
  <datafield tag="410" ind1="2" ind2=" ">
    <subfield code="a">Ústředí starostenských sborů slezských v Polské Ostravě</subfield>
    <subfield code="0">o</subfield>
  </datafield>
  <datafield tag="410" ind1="2" ind2=" ">
    <subfield code="a">Ústředí starostenských sborů ve Slezsku</subfield>
    <subfield code="0">o</subfield>
  </datafield>
  <datafield tag="410" ind1="2" ind2=" ">
    <subfield code="a">Ústředí slezských sborů starostenských Orlová</subfield>
    <subfield code="0">o</subfield>
  </datafield>
  <datafield tag="670" ind1=" " ind2=" ">
    <subfield code="a">www(Badatelna.eu - Zemský archiv v Opavě - Ústředí slezských sborů starostenských Orlová), cit. 22. 10. 2020</subfield>
    <subfield code="u">http://badatelna.eu/instituce/Zemsky_archiv_v_Opave/fondy/?s=4&amp;q=u</subfield>
  </datafield>
  <datafield tag="670" ind1=" " ind2=" ">
    <subfield code="a">Výroční zpráva Sekretariátu Ústředí starostenských sborů slezských v Pol. Ostravě</subfield>
  </datafield>
  <datafield tag="906" ind1=" " ind2=" ">
    <subfield code="a">br20201022</subfield>
    <subfield code="b">svsv</subfield>
  </datafield>
</record>