

<record>
  <leader>     cz  a22     n  4500</leader>
  <controlfield tag="001">ko20201090063</controlfield>
  <controlfield tag="003">CZ PrNK</controlfield>
  <controlfield tag="005">20201022115426.0</controlfield>
  <controlfield tag="008">201022|n|aznnnaabn           n a|a      </controlfield>
  <datafield tag="040" ind1=" " ind2=" ">
    <subfield code="a">ABA001</subfield>
    <subfield code="b">cze</subfield>
    <subfield code="d">ABA001</subfield>
    <subfield code="e">rda</subfield>
  </datafield>
  <datafield tag="110" ind1="2" ind2=" ">
    <subfield code="a">Západočeská univerzita.</subfield>
    <subfield code="b">Ateliér didaktické ilustrace</subfield>
    <subfield code="7">ko20201090063</subfield>
  </datafield>
  <datafield tag="368" ind1=" " ind2=" ">
    <subfield code="a">katedry vysokých škol</subfield>
    <subfield code="a">umělecké ateliéry</subfield>
  </datafield>
  <datafield tag="370" ind1=" " ind2=" ">
    <subfield code="c">Česko</subfield>
    <subfield code="e">Plzeň, Česko</subfield>
  </datafield>
  <datafield tag="372" ind1=" " ind2=" ">
    <subfield code="a">ilustrace</subfield>
    <subfield code="a">didaktika</subfield>
    <subfield code="a">vysokoškolské studium</subfield>
  </datafield>
  <datafield tag="377" ind1=" " ind2=" ">
    <subfield code="a">cze</subfield>
  </datafield>
  <datafield tag="410" ind1="2" ind2=" ">
    <subfield code="a">Západočeská univerzita.</subfield>
    <subfield code="b">Didaktická ilustrace (ateliér)</subfield>
    <subfield code="0">o</subfield>
  </datafield>
  <datafield tag="410" ind1="2" ind2=" ">
    <subfield code="a">Západočeská univerzita.</subfield>
    <subfield code="b">Ateliér Didaktická ilustrace</subfield>
    <subfield code="0">o</subfield>
  </datafield>
  <datafield tag="410" ind1="2" ind2=" ">
    <subfield code="a">Západočeská univerzita.</subfield>
    <subfield code="b">Fakulty designu a umění Ladislava Sutnara.</subfield>
    <subfield code="b">Ateliér didaktické ilustrace</subfield>
    <subfield code="0">o</subfield>
  </datafield>
  <datafield tag="410" ind1="2" ind2=" ">
    <subfield code="a">Západočeská univerzita.</subfield>
    <subfield code="b">Fakulty designu a umění Ladislava Sutnara.</subfield>
    <subfield code="b">Didaktická ilustrace (ateliér)</subfield>
    <subfield code="0">o</subfield>
  </datafield>
  <datafield tag="410" ind1="2" ind2=" ">
    <subfield code="a">Západočeská univerzita.</subfield>
    <subfield code="b">Fakulty designu a umění Ladislava Sutnara.</subfield>
    <subfield code="b">Ateliér Didaktická ilustrace</subfield>
    <subfield code="0">o</subfield>
  </datafield>
  <datafield tag="410" ind1="2" ind2=" ">
    <subfield code="a">Ateliér Didaktické ilustrace Fakulty designu a umění Ladislava Sutnara Západočeské univerzity v Plzni</subfield>
    <subfield code="0">o</subfield>
  </datafield>
  <datafield tag="510" ind1="2" ind2=" ">
    <subfield code="w">a</subfield>
    <subfield code="a">Západočeská univerzita.</subfield>
    <subfield code="b">Ateliér Mediální a didaktická ilustrace</subfield>
    <subfield code="7">olak2018983213</subfield>
  </datafield>
  <datafield tag="665" ind1=" " ind2=" ">
    <subfield code="a">Dřívější název: Ateliér Mediální a didaktická ilustrace.</subfield>
  </datafield>
  <datafield tag="670" ind1=" " ind2=" ">
    <subfield code="a">Hrdinky : příběhy významných českých žen</subfield>
  </datafield>
  <datafield tag="670" ind1=" " ind2=" ">
    <subfield code="a">www(Západočeská univerzita - Didaktická ilustrace), cit. 22. 10. 2020</subfield>
    <subfield code="u">https://www.fdu.zcu.cz/cz/25-medialni-a-didakticka-ilustrace</subfield>
  </datafield>
  <datafield tag="906" ind1=" " ind2=" ">
    <subfield code="a">za20201022</subfield>
    <subfield code="b">kahr</subfield>
  </datafield>
  <datafield tag="906" ind1=" " ind2=" ">
    <subfield code="a">op20201022</subfield>
    <subfield code="b">svsv</subfield>
    <subfield code="c">Viz - oprava; Viz též - nově; Viz - další výskyt; Komplexní poznámka - nově; URL - nově; Zdroj - další výskyt; Další info - nově; Související místo - nově; Oblast působení - nově; Jazyk - nově</subfield>
  </datafield>
</record>