

<record>
  <leader>     nz  a22     n  4500</leader>
  <datafield tag="900" ind1=" " ind2=" ">
    <subfield code="a">J-NÁVRH</subfield>
  </datafield>
  <controlfield tag="001">xx0253130</controlfield>
  <controlfield tag="003">CZ PrNK</controlfield>
  <controlfield tag="005">20201022113604.1</controlfield>
  <controlfield tag="008">201022|n|aznnnaabn           n a|a      </controlfield>
  <datafield tag="040" ind1=" " ind2=" ">
    <subfield code="a">ABH306</subfield>
    <subfield code="b">cze</subfield>
    <subfield code="e">rda</subfield>
  </datafield>
  <datafield tag="100" ind1="1" ind2=" ">
    <subfield code="a">Havlíčková, Ivana,</subfield>
    <subfield code="d">1984-</subfield>
    <subfield code="7">xx0253130</subfield>
  </datafield>
  <datafield tag="368" ind1=" " ind2=" ">
    <subfield code="d">MgA.</subfield>
  </datafield>
  <datafield tag="370" ind1=" " ind2=" ">
    <subfield code="c">Česko</subfield>
    <subfield code="f">Dolní Pěna (Česko)</subfield>
  </datafield>
  <datafield tag="372" ind1=" " ind2=" ">
    <subfield code="a">restaurátorství</subfield>
  </datafield>
  <datafield tag="374" ind1=" " ind2=" ">
    <subfield code="a">restaurátorky</subfield>
  </datafield>
  <datafield tag="375" ind1=" " ind2=" ">
    <subfield code="a">žena</subfield>
  </datafield>
  <datafield tag="377" ind1=" " ind2=" ">
    <subfield code="a">cze</subfield>
  </datafield>
  <datafield tag="667" ind1=" " ind2=" ">
    <subfield code="a">IČO (Živnostenský rejstřík): 1283987</subfield>
  </datafield>
  <datafield tag="667" ind1=" " ind2=" ">
    <subfield code="a">Restaurátorská licence: MK ČR 38353/2014 OPP</subfield>
  </datafield>
  <datafield tag="670" ind1=" " ind2=" ">
    <subfield code="a">Hrindová, Marie: Sondážní stratigrafický průzkum interiéru fary Sudslava čp. 1 (spolupracovala Ivana Havlíčková), 2012</subfield>
    <subfield code="b">autoritní forma</subfield>
  </datafield>
  <datafield tag="670" ind1=" " ind2=" ">
    <subfield code="a">www(Registr živnostenského podnikání), cit. 12. 10. 2020</subfield>
    <subfield code="b">úplné datum narození, titul, související místo, pole 667</subfield>
  </datafield>
  <datafield tag="670" ind1=" " ind2=" ">
    <subfield code="a">www(Seznam osob s povolením Ministerstva kultury k restaurování kulturních památek), cit. 12. 10. 2020</subfield>
    <subfield code="b">biografické údaje, pole 372, 374, 667</subfield>
  </datafield>
  <datafield tag="675" ind1=" " ind2=" ">
    <subfield code="a">www(Informační systém abART), cit. 12. 10. 2020</subfield>
  </datafield>
  <datafield tag="678" ind1=" " ind2=" ">
    <subfield code="a">Narozena 11. 5. 1984. MgA., restaurátorka. Zabývá se restaurováním polychromovaných sochařských uměleckých děl z kamene.</subfield>
  </datafield>
  <datafield tag="906" ind1=" " ind2=" ">
    <subfield code="a">za20201022</subfield>
    <subfield code="b">xzdkr</subfield>
  </datafield>
</record>