

<record>
  <leader>     nz  a22     n  4500</leader>
  <datafield tag="900" ind1=" " ind2=" ">
    <subfield code="a">J-NÁVRH</subfield>
  </datafield>
  <controlfield tag="001">xx0253133</controlfield>
  <controlfield tag="003">CZ PrNK</controlfield>
  <controlfield tag="005">20201022113612.8</controlfield>
  <controlfield tag="008">201022|n|aznnnaabn           n a|a      </controlfield>
  <datafield tag="040" ind1=" " ind2=" ">
    <subfield code="a">ABH306</subfield>
    <subfield code="b">cze</subfield>
    <subfield code="e">rda</subfield>
  </datafield>
  <datafield tag="100" ind1="1" ind2=" ">
    <subfield code="a">Surma, Radomír,</subfield>
    <subfield code="d">1968-</subfield>
    <subfield code="7">xx0253133</subfield>
  </datafield>
  <datafield tag="368" ind1=" " ind2=" ">
    <subfield code="d">Mgr., Ak. mal.</subfield>
  </datafield>
  <datafield tag="370" ind1=" " ind2=" ">
    <subfield code="a">Olomouc (Česko)</subfield>
    <subfield code="c">Česko</subfield>
    <subfield code="f">Olomouc (Česko)</subfield>
  </datafield>
  <datafield tag="372" ind1=" " ind2=" ">
    <subfield code="a">malířství</subfield>
    <subfield code="a">restaurátorství</subfield>
  </datafield>
  <datafield tag="374" ind1=" " ind2=" ">
    <subfield code="a">malířky</subfield>
    <subfield code="a">restaurátorky</subfield>
  </datafield>
  <datafield tag="375" ind1=" " ind2=" ">
    <subfield code="a">muž</subfield>
  </datafield>
  <datafield tag="377" ind1=" " ind2=" ">
    <subfield code="a">cze</subfield>
  </datafield>
  <datafield tag="667" ind1=" " ind2=" ">
    <subfield code="a">IČO(Registr ekonomických subjektů ČSÚ v ARES): 01222627</subfield>
  </datafield>
  <datafield tag="667" ind1=" " ind2=" ">
    <subfield code="a">Restaurátorská licence: MK ČR 7690/95</subfield>
  </datafield>
  <datafield tag="670" ind1=" " ind2=" ">
    <subfield code="a">Vítová, Hana: Bolestná Panna Marie z Heřmanova Městce: Restaurátorská zpráva (spolupracoval Radomír Surma), 2012</subfield>
    <subfield code="b">autoritní záznam</subfield>
  </datafield>
  <datafield tag="670" ind1=" " ind2=" ">
    <subfield code="a">www(Registr ekonomických subjektů ČSÚ v ARES), cit. 13. 10. 2020</subfield>
    <subfield code="b">související místo, pole 667</subfield>
  </datafield>
  <datafield tag="670" ind1=" " ind2=" ">
    <subfield code="a">www(Seznam osob s povolením Ministerstva kultury k restaurování kulturních památek), cit. 13. 10. 2020</subfield>
    <subfield code="b">tituly, pole 667</subfield>
  </datafield>
  <datafield tag="670" ind1=" " ind2=" ">
    <subfield code="a">www(Informační systém abART), cit. 13. 10. 2020</subfield>
    <subfield code="b">úplné datum narození, místo narození, pole 372, 374, 375, 377</subfield>
  </datafield>
  <datafield tag="678" ind1=" " ind2=" ">
    <subfield code="a">Narozen 12. 1. 1968. Mgr. akademický malíř, restaurátor. Zabývá se restaurováním malířských uměleckých děl na plátně, dřevě a kovových deskách, nástěnných maleb a sgrafit, polychromie na sochařských dílech.</subfield>
  </datafield>
  <datafield tag="906" ind1=" " ind2=" ">
    <subfield code="a">za20201022</subfield>
    <subfield code="b">xzdkr</subfield>
  </datafield>
</record>