

<record>
  <leader>     nz  a22     n  4500</leader>
  <datafield tag="900" ind1=" " ind2=" ">
    <subfield code="a">J-NÁVRH</subfield>
  </datafield>
  <controlfield tag="001">xx0253136</controlfield>
  <controlfield tag="003">CZ PrNK</controlfield>
  <controlfield tag="005">20201022113617.1</controlfield>
  <controlfield tag="008">201022|n|aznnnaabn           n a|a      </controlfield>
  <datafield tag="040" ind1=" " ind2=" ">
    <subfield code="a">ABH306</subfield>
    <subfield code="b">cze</subfield>
    <subfield code="e">rda</subfield>
  </datafield>
  <datafield tag="100" ind1="1" ind2=" ">
    <subfield code="a">Sova, Jan,</subfield>
    <subfield code="d">1985-</subfield>
    <subfield code="7">xx0253136</subfield>
  </datafield>
  <datafield tag="368" ind1=" " ind2=" ">
    <subfield code="d">Ing.</subfield>
  </datafield>
  <datafield tag="370" ind1=" " ind2=" ">
    <subfield code="a">Kutná Hora (Česko)</subfield>
    <subfield code="c">Česko</subfield>
  </datafield>
  <datafield tag="372" ind1=" " ind2=" ">
    <subfield code="a">termografie</subfield>
    <subfield code="a">elektrotechnika</subfield>
  </datafield>
  <datafield tag="374" ind1=" " ind2=" ">
    <subfield code="a">elektrotechnici</subfield>
  </datafield>
  <datafield tag="375" ind1=" " ind2=" ">
    <subfield code="a">muž</subfield>
  </datafield>
  <datafield tag="377" ind1=" " ind2=" ">
    <subfield code="a">cze</subfield>
  </datafield>
  <datafield tag="670" ind1=" " ind2=" ">
    <subfield code="a">Adam Pokorný - Petr Skalický: Restaurátorský průzkum nástěnných maleb v kostele Panny Marie a kapli sv. Kateřiny na hradě Karlštejně (fotografie Jan Sova). In: Zprávy památkové péče. Roč. 79 (2019), č. 4, s. 402-420</subfield>
    <subfield code="b">autoritní forma</subfield>
  </datafield>
  <datafield tag="670" ind1=" " ind2=" ">
    <subfield code="a">www(Wikipedie, otevřená encyklopedie), cit. 12. 8. 2020</subfield>
    <subfield code="b">úplné datum narození, místo narození, pole 370, 372, 374, 375, 377, biografické údaje</subfield>
    <subfield code="u">https://cs.wikipedia.org/wiki/Jan Sova (technik)</subfield>
  </datafield>
  <datafield tag="678" ind1=" " ind2=" ">
    <subfield code="a">Narozen 27. 6. 1985 v Kutné Hoře. Ing., elektrotechnik, zakladatel firmy Workswell. Zabývá se termografii, spolupracuje s restaurátory na analýzách vrstev nástěnných maleb.</subfield>
  </datafield>
  <datafield tag="906" ind1=" " ind2=" ">
    <subfield code="a">za20201022</subfield>
    <subfield code="b">xzdkr</subfield>
  </datafield>
</record>