

<record>
  <leader>     nz  a22     n  4500</leader>
  <controlfield tag="001">kon20201090088</controlfield>
  <controlfield tag="003">CZ PrNK</controlfield>
  <controlfield tag="005">20201022115301.0</controlfield>
  <controlfield tag="008">201022|n|aznnnaabn           n a|a      </controlfield>
  <datafield tag="040" ind1=" " ind2=" ">
    <subfield code="a">ABA001</subfield>
    <subfield code="b">cze</subfield>
    <subfield code="e">rda</subfield>
  </datafield>
  <datafield tag="110" ind1="2" ind2=" ">
    <subfield code="a">Tělocvičná jednota Sokol Praha-Podolí.</subfield>
    <subfield code="t">Výroční zpráva (Tělocvičná jednota Sokol Praha-Podolí)</subfield>
    <subfield code="7">kon20201090088</subfield>
  </datafield>
  <datafield tag="410" ind1="2" ind2=" ">
    <subfield code="a">Tělocvičná jednota Sokol Praha-Podolí.</subfield>
    <subfield code="t">Výroční zpráva Tělocvičné jednoty Sokol v Praze IV</subfield>
    <subfield code="0">o</subfield>
  </datafield>
  <datafield tag="670" ind1=" " ind2=" ">
    <subfield code="a">... výroční zpráva Tělocvičné jednoty Sokol v Praze IV. [Praha] : nákladem vlastním, 1893-[1948?]</subfield>
  </datafield>
  <datafield tag="906" ind1=" " ind2=" ">
    <subfield code="a">br20201022</subfield>
    <subfield code="b">juri</subfield>
  </datafield>
  <datafield tag="906" ind1=" " ind2=" ">
    <subfield code="a">ks20201022</subfield>
    <subfield code="b">juri</subfield>
  </datafield>
</record>