

<record>
  <leader>     nz  a22     n  4500</leader>
  <datafield tag="900" ind1=" " ind2=" ">
    <subfield code="a">V-NÁVRH</subfield>
  </datafield>
  <controlfield tag="001">ph1090096</controlfield>
  <controlfield tag="003">CZ PrNK</controlfield>
  <controlfield tag="005">20201022122439.0</controlfield>
  <controlfield tag="008">201022|n|anznnbabn           n a|a      </controlfield>
  <datafield tag="040" ind1=" " ind2=" ">
    <subfield code="a">ABA001</subfield>
    <subfield code="b">cze</subfield>
  </datafield>
  <datafield tag="072" ind1=" " ind2="7">
    <subfield code="a">004.9</subfield>
    <subfield code="x">Speciální počítačové metody. Počítačová grafika</subfield>
    <subfield code="2">Konspekt</subfield>
    <subfield code="9">23</subfield>
  </datafield>
  <datafield tag="080" ind1=" " ind2=" ">
    <subfield code="a">004.934.8`1</subfield>
    <subfield code="2">MRF_2014</subfield>
  </datafield>
  <datafield tag="150" ind1=" " ind2=" ">
    <subfield code="a">rozpoznávání mluvčího</subfield>
    <subfield code="7">ph1090096</subfield>
  </datafield>
  <datafield tag="450" ind1=" " ind2=" ">
    <subfield code="a">identifikace mluvčího</subfield>
    <subfield code="0">o</subfield>
  </datafield>
  <datafield tag="550" ind1=" " ind2=" ">
    <subfield code="a">rozpoznávání řeči</subfield>
    <subfield code="7">ph351274</subfield>
  </datafield>
  <datafield tag="550" ind1=" " ind2=" ">
    <subfield code="w">g</subfield>
    <subfield code="a">identifikace osob</subfield>
    <subfield code="7">ph114751</subfield>
  </datafield>
  <datafield tag="550" ind1=" " ind2=" ">
    <subfield code="w">g</subfield>
    <subfield code="a">počítačové zpracování řeči</subfield>
    <subfield code="7">ph127660</subfield>
  </datafield>
  <datafield tag="750" ind1="0" ind2="7">
    <subfield code="a">speaker recognition</subfield>
    <subfield code="2">eczenas</subfield>
  </datafield>
  <datafield tag="906" ind1=" " ind2=" ">
    <subfield code="a">za20201022</subfield>
    <subfield code="b">tobu</subfield>
  </datafield>
</record>