

<record>
  <leader>     nz  a22     n  4500</leader>
  <controlfield tag="001">jo20201090102</controlfield>
  <controlfield tag="003">CZ PrNK</controlfield>
  <controlfield tag="005">20201022130306.0</controlfield>
  <controlfield tag="008">201022|n|aznnnaabn           n a|a      </controlfield>
  <datafield tag="040" ind1=" " ind2=" ">
    <subfield code="a">ABA001</subfield>
    <subfield code="b">cze</subfield>
    <subfield code="e">rda</subfield>
  </datafield>
  <datafield tag="046" ind1=" " ind2=" ">
    <subfield code="f">1941</subfield>
  </datafield>
  <datafield tag="100" ind1="1" ind2=" ">
    <subfield code="a">Everts, Daan W.,</subfield>
    <subfield code="d">1941-</subfield>
    <subfield code="7">jo20201090102</subfield>
  </datafield>
  <datafield tag="370" ind1=" " ind2=" ">
    <subfield code="c">Nizozemsko</subfield>
    <subfield code="c">Afghánistán</subfield>
    <subfield code="c">Albánie</subfield>
    <subfield code="c">Kosovo</subfield>
  </datafield>
  <datafield tag="372" ind1=" " ind2=" ">
    <subfield code="a">diplomacie</subfield>
    <subfield code="a">politika</subfield>
    <subfield code="a">vyjednávání</subfield>
    <subfield code="a">mezinárodní instituce a organizace</subfield>
    <subfield code="a">nevládní instituce a organizace</subfield>
  </datafield>
  <datafield tag="374" ind1=" " ind2=" ">
    <subfield code="a">diplomaté</subfield>
  </datafield>
  <datafield tag="375" ind1=" " ind2=" ">
    <subfield code="a">muž</subfield>
  </datafield>
  <datafield tag="377" ind1=" " ind2=" ">
    <subfield code="a">eng</subfield>
  </datafield>
  <datafield tag="400" ind1="1" ind2=" ">
    <subfield code="a">Everts, Daan,</subfield>
    <subfield code="d">1941-</subfield>
    <subfield code="0">o</subfield>
  </datafield>
  <datafield tag="670" ind1=" " ind2=" ">
    <subfield code="a">Everts, Daan W.: Peacekeeping in Albania and Kosovo, 2020</subfield>
  </datafield>
  <datafield tag="670" ind1=" " ind2=" ">
    <subfield code="a">KB - NBN, cit. 22. 10. 2020</subfield>
    <subfield code="b">autoritní forma</subfield>
  </datafield>
  <datafield tag="670" ind1=" " ind2=" ">
    <subfield code="a">www(Wikipedia, de vrije encyclopedie), cit. 22. 10. 2020</subfield>
    <subfield code="b">datum narození, odkaz viz, biografické údaje</subfield>
    <subfield code="u">https://nl.wikipedia.org/wiki/Daan_Everts</subfield>
  </datafield>
  <datafield tag="670" ind1=" " ind2=" ">
    <subfield code="a">www(NATO - Biography: Daan W. Everts, NATO Senior Civilian Representative in Afghanistan), cit. 22. 10. 2020</subfield>
    <subfield code="b">biografické údaje</subfield>
  </datafield>
  <datafield tag="678" ind1="0" ind2=" ">
    <subfield code="a">Nizozemský diplomat, zvláštní vyslanec generálního tajemníka NATO v Afghánistánu, vedoucí mise OBSE v Albánii a Kosovu, spolupracovník mnoha dalších mezinárodních i nevládních organizací.</subfield>
  </datafield>
  <datafield tag="906" ind1=" " ind2=" ">
    <subfield code="a">br20201022</subfield>
    <subfield code="b">kurd</subfield>
  </datafield>
</record>