

<record>
  <leader>     nz  a22     n  4500</leader>
  <datafield tag="900" ind1=" " ind2=" ">
    <subfield code="a">J-NÁVRH-STT</subfield>
  </datafield>
  <controlfield tag="001">ntk20201090104</controlfield>
  <controlfield tag="003">CZ PrNK</controlfield>
  <controlfield tag="005">20201022132226.0</controlfield>
  <controlfield tag="008">201022|n|aznnnaabn           n a|a      </controlfield>
  <datafield tag="024" ind1="7" ind2=" ">
    <subfield code="a">0000000078617984</subfield>
    <subfield code="2">isni</subfield>
  </datafield>
  <datafield tag="024" ind1="7" ind2=" ">
    <subfield code="a">Q71428</subfield>
    <subfield code="2">wikidata</subfield>
  </datafield>
  <datafield tag="040" ind1=" " ind2=" ">
    <subfield code="a">ABA013</subfield>
    <subfield code="b">cze</subfield>
    <subfield code="e">rda</subfield>
  </datafield>
  <datafield tag="046" ind1=" " ind2=" ">
    <subfield code="f">1560</subfield>
    <subfield code="g">1620</subfield>
  </datafield>
  <datafield tag="100" ind1="0" ind2=" ">
    <subfield code="a">Willem Lodewijk,</subfield>
    <subfield code="c">nasavský hrabě,</subfield>
    <subfield code="d">1560-1620</subfield>
    <subfield code="7">ntk20201090104</subfield>
  </datafield>
  <datafield tag="368" ind1=" " ind2=" ">
    <subfield code="d">Graaf van Nassau-Dillenburg</subfield>
  </datafield>
  <datafield tag="368" ind1=" " ind2=" ">
    <subfield code="d">Stadhouder van Friesland</subfield>
    <subfield code="s">1584</subfield>
    <subfield code="t">1620</subfield>
  </datafield>
  <datafield tag="368" ind1=" " ind2=" ">
    <subfield code="d">Stadhouder van Groningen</subfield>
    <subfield code="s">1594</subfield>
    <subfield code="t">1620</subfield>
  </datafield>
  <datafield tag="368" ind1=" " ind2=" ">
    <subfield code="d">Stadhouder van Drenthe</subfield>
    <subfield code="s">1596</subfield>
    <subfield code="t">1620</subfield>
  </datafield>
  <datafield tag="370" ind1=" " ind2=" ">
    <subfield code="a">Dillenburg, Německo</subfield>
    <subfield code="b">Leeuwarden, Nizozemsko</subfield>
    <subfield code="c">Nizozemsko</subfield>
    <subfield code="c">Německo</subfield>
    <subfield code="f">Frísko</subfield>
    <subfield code="f">Groningen, Nizozemsko</subfield>
  </datafield>
  <datafield tag="372" ind1=" " ind2=" ">
    <subfield code="a">státní správa</subfield>
    <subfield code="a">státní služba</subfield>
    <subfield code="a">politika</subfield>
    <subfield code="a">vojenská služba</subfield>
  </datafield>
  <datafield tag="374" ind1=" " ind2=" ">
    <subfield code="a">šlechtici</subfield>
    <subfield code="a">státní úředníci</subfield>
    <subfield code="a">politici</subfield>
    <subfield code="a">vojenští velitelé</subfield>
  </datafield>
  <datafield tag="375" ind1=" " ind2=" ">
    <subfield code="a">muž</subfield>
  </datafield>
  <datafield tag="377" ind1=" " ind2=" ">
    <subfield code="a">fre</subfield>
    <subfield code="a">lat</subfield>
    <subfield code="a">dut</subfield>
    <subfield code="a">ger</subfield>
  </datafield>
  <datafield tag="400" ind1="0" ind2=" ">
    <subfield code="a">Willem Lodewijk,</subfield>
    <subfield code="c">graaf van Nassau,</subfield>
    <subfield code="d">1560-1620</subfield>
    <subfield code="0">o</subfield>
  </datafield>
  <datafield tag="400" ind1="0" ind2=" ">
    <subfield code="a">Vilém Ludvík,</subfield>
    <subfield code="c">nasavský hrabě,</subfield>
    <subfield code="d">1560-1620</subfield>
    <subfield code="0">o</subfield>
  </datafield>
  <datafield tag="400" ind1="0" ind2=" ">
    <subfield code="a">Willem Lodewijk,</subfield>
    <subfield code="c">van Nassau-Dillenburg,</subfield>
    <subfield code="d">1560-1620</subfield>
    <subfield code="0">o</subfield>
  </datafield>
  <datafield tag="400" ind1="0" ind2=" ">
    <subfield code="a">Wilhelm Ludwig,</subfield>
    <subfield code="c">graeff van Nassauw,</subfield>
    <subfield code="d">1560-1620</subfield>
    <subfield code="0">o</subfield>
  </datafield>
  <datafield tag="400" ind1="0" ind2=" ">
    <subfield code="a">Wilhelm Ludwig,</subfield>
    <subfield code="c">Nassau-Dillenburg, Graf,</subfield>
    <subfield code="d">1560-1620</subfield>
    <subfield code="0">o</subfield>
  </datafield>
  <datafield tag="400" ind1="0" ind2=" ">
    <subfield code="a">Wilhelm Ludwig,</subfield>
    <subfield code="c">Friesland, Statthalter,</subfield>
    <subfield code="d">1560-1620</subfield>
    <subfield code="0">o</subfield>
  </datafield>
  <datafield tag="400" ind1="0" ind2=" ">
    <subfield code="a">Wilhelm Ludwig,</subfield>
    <subfield code="c">Groningen, Statthalter,</subfield>
    <subfield code="d">1560-1620</subfield>
    <subfield code="0">o</subfield>
  </datafield>
  <datafield tag="400" ind1="0" ind2=" ">
    <subfield code="a">Wilhelm Ludwig,</subfield>
    <subfield code="c">Drente, Statthalter,</subfield>
    <subfield code="d">1560-1620</subfield>
    <subfield code="0">o</subfield>
  </datafield>
  <datafield tag="400" ind1="0" ind2=" ">
    <subfield code="a">Willem Lodewijk,</subfield>
    <subfield code="c">Count of Nassau,</subfield>
    <subfield code="d">1560-1620</subfield>
    <subfield code="0">o</subfield>
  </datafield>
  <datafield tag="400" ind1="0" ind2=" ">
    <subfield code="a">Wilhelmus Ludovicus,</subfield>
    <subfield code="d">1560-1620</subfield>
    <subfield code="0">o</subfield>
  </datafield>
  <datafield tag="400" ind1="0" ind2=" ">
    <subfield code="a">Guilhelmus Ludovicus,</subfield>
    <subfield code="d">1560-1620</subfield>
    <subfield code="0">o</subfield>
  </datafield>
  <datafield tag="400" ind1="0" ind2=" ">
    <subfield code="a">Gulielmus Ludovicus,</subfield>
    <subfield code="d">1560-1620</subfield>
    <subfield code="0">o</subfield>
  </datafield>
  <datafield tag="400" ind1="0" ind2=" ">
    <subfield code="a">Guilielmus Ludovicus,</subfield>
    <subfield code="d">1560-1620</subfield>
    <subfield code="0">o</subfield>
  </datafield>
  <datafield tag="400" ind1="0" ind2=" ">
    <subfield code="a">Gulielmo Ludovico,</subfield>
    <subfield code="d">1560-1620</subfield>
    <subfield code="0">o</subfield>
  </datafield>
  <datafield tag="400" ind1="0" ind2=" ">
    <subfield code="a">VVilhelm Ludwich,</subfield>
    <subfield code="c">Grave tot Nassauw, Catzenelmbogen, Vianden, Diets, ...,</subfield>
    <subfield code="d">1560-1620</subfield>
    <subfield code="0">o</subfield>
  </datafield>
  <datafield tag="400" ind1="0" ind2=" ">
    <subfield code="a">Wilhelm Ludwich,</subfield>
    <subfield code="c">Grave tot Nassau, Catzenellebogen, Vianden, Dietz, ...,</subfield>
    <subfield code="d">1560-1620</subfield>
    <subfield code="0">o</subfield>
  </datafield>
  <datafield tag="400" ind1="0" ind2=" ">
    <subfield code="a">Guilielmi Ludovici Nassavii,</subfield>
    <subfield code="d">1560-1620</subfield>
    <subfield code="0">o</subfield>
  </datafield>
  <datafield tag="400" ind1="0" ind2=" ">
    <subfield code="a">Willem Lodewijk,</subfield>
    <subfield code="c">van Nassau-Dietz,</subfield>
    <subfield code="d">1560-1620</subfield>
    <subfield code="0">o</subfield>
  </datafield>
  <datafield tag="400" ind1="1" ind2=" ">
    <subfield code="a">Nassau, Willem Lodewijk van,</subfield>
    <subfield code="d">1560-1620</subfield>
    <subfield code="0">o</subfield>
  </datafield>
  <datafield tag="670" ind1=" " ind2=" ">
    <subfield code="a">Van het ghebruyck der Geometrische instrumenten ...Door Iohan Sems ende Ian Pietersz. Dou. [Amsterdam]: Ghedruckt by Willem Jansz, Sin de Sonnewyser, 1620? [Dedikace]: Heeren VVilhelm Ludwich Grave tot Nassauw, Catzenelmbogen, Vianden, Diet ...</subfield>
    <subfield code="b">odkaz viz (dedikace na digitální straně 334)</subfield>
    <subfield code="u">http://books.google.com/books?vid=IBCR:BC000018446</subfield>
  </datafield>
  <datafield tag="670" ind1=" " ind2=" ">
    <subfield code="a">KB-NBN, cit. 22. 10. 2020</subfield>
    <subfield code="b">autoritní forma, odkazy viz, datum narození a úmrtí</subfield>
    <subfield code="u">https://opc-kb.oclc.org/DB=1/XMLPRS=Y/PPN?PPN=072768223</subfield>
  </datafield>
  <datafield tag="670" ind1=" " ind2=" ">
    <subfield code="a">www(Wikipedia, De vrije encyclopedie), cit. 22. 10. 2020</subfield>
    <subfield code="b">odkaz viz, místo narození a úmrtí, biografické a profesní údaje</subfield>
    <subfield code="u">https://nl.wikipedia.org/wiki/Willem_Lodewijk_van_Nassau-Dillenburg</subfield>
  </datafield>
  <datafield tag="670" ind1=" " ind2=" ">
    <subfield code="a">DNB, cit. 22. 10. 2020</subfield>
    <subfield code="b">odkazy viz</subfield>
    <subfield code="u">http://d-nb.info/gnd/119206110</subfield>
  </datafield>
  <datafield tag="675" ind1=" " ind2=" ">
    <subfield code="a">Drška, Václav et al.: Encyklopedie osobností Evropy od starověku do současnosti. 1. vyd. Praha: Nakladatelský dům OP, 1993</subfield>
  </datafield>
  <datafield tag="678" ind1="0" ind2=" ">
    <subfield code="a">Šlechtic z rodu Nasavských, hrabě nasavsko-dillenburský. Od r. 1584 až do své smrti byl místodržícím ve Frísku, od r. 1594 místodržícím v Groningen a od r. 1596 také v Drenthe. Byl také hlavním velitelem armády ve Frísku. Společně s princem Mořicem Oranžským (1567-1625) vedl armády států v boji proti Španělům.</subfield>
  </datafield>
  <datafield tag="906" ind1=" " ind2=" ">
    <subfield code="a">za20201022</subfield>
    <subfield code="b">evbr</subfield>
  </datafield>
  <datafield tag="906" ind1=" " ind2=" ">
    <subfield code="a">ko20201022</subfield>
    <subfield code="b">evbr</subfield>
  </datafield>
</record>