

<record>
  <leader>     nz  a22     n  4500</leader>
  <controlfield tag="001">jo20201090109</controlfield>
  <controlfield tag="003">CZ PrNK</controlfield>
  <controlfield tag="005">20201022134103.0</controlfield>
  <controlfield tag="008">201022|n|aznnnaabn           n a|a      </controlfield>
  <datafield tag="040" ind1=" " ind2=" ">
    <subfield code="a">ABA001</subfield>
    <subfield code="b">cze</subfield>
    <subfield code="e">rda</subfield>
  </datafield>
  <datafield tag="046" ind1=" " ind2=" ">
    <subfield code="f">1937</subfield>
    <subfield code="g">2017</subfield>
  </datafield>
  <datafield tag="100" ind1="1" ind2=" ">
    <subfield code="a">Jordão, Fernando,</subfield>
    <subfield code="d">1937-2017</subfield>
    <subfield code="7">jo20201090109</subfield>
  </datafield>
  <datafield tag="370" ind1=" " ind2=" ">
    <subfield code="c">Brazílie</subfield>
    <subfield code="f">São Paulo, Brazílie</subfield>
  </datafield>
  <datafield tag="372" ind1=" " ind2=" ">
    <subfield code="a">žurnalistika</subfield>
    <subfield code="a">zpravodajství</subfield>
    <subfield code="a">rozhlas</subfield>
    <subfield code="a">televize</subfield>
    <subfield code="a">literární činnost</subfield>
    <subfield code="a">biografie</subfield>
  </datafield>
  <datafield tag="374" ind1=" " ind2=" ">
    <subfield code="a">novináři</subfield>
    <subfield code="a">tiskoví mluvčí</subfield>
    <subfield code="a">redaktoři</subfield>
    <subfield code="a">rozhlasoví pracovníci</subfield>
  </datafield>
  <datafield tag="375" ind1=" " ind2=" ">
    <subfield code="a">muž</subfield>
  </datafield>
  <datafield tag="377" ind1=" " ind2=" ">
    <subfield code="a">por</subfield>
  </datafield>
  <datafield tag="400" ind1="1" ind2=" ">
    <subfield code="a">Jordão, Fernando Pacheco,</subfield>
    <subfield code="d">1937-2017</subfield>
    <subfield code="0">o</subfield>
  </datafield>
  <datafield tag="670" ind1=" " ind2=" ">
    <subfield code="a">Jordão, Fernando Pacheco: Dossiê Herzog :prisão, tortura e morte no Brasil, 2005</subfield>
    <subfield code="b">odkaz viz</subfield>
  </datafield>
  <datafield tag="670" ind1=" " ind2=" ">
    <subfield code="a">www(Biblioteca Nacional do Brasil - nedostupné), cit. 22. 10. 2020</subfield>
  </datafield>
  <datafield tag="670" ind1=" " ind2=" ">
    <subfield code="a">www(Fernando Pacheco Jordão - Prêmio Jovem Jornalista Fernando Pacheco Jordão), cit. 22. 10. 2020</subfield>
    <subfield code="b">data, biografické údaje</subfield>
  </datafield>
  <datafield tag="670" ind1=" " ind2=" ">
    <subfield code="a">LC (Names), cit. 22. 10. 2020</subfield>
    <subfield code="b">autoritní forma</subfield>
  </datafield>
  <datafield tag="678" ind1="0" ind2=" ">
    <subfield code="a">Brazilský žurnalista, redaktor zpravodajství, rozhlasový hlasatel, televizní redaktor a moderátor, pracovník BBC pro Brazílii v Londýně. Ředitel Unie novinářů v São Paulu. Tiskový mluvčí ve volebních kampaních. Autor biografické knihy o Vladimíru Herzogovi.</subfield>
  </datafield>
  <datafield tag="906" ind1=" " ind2=" ">
    <subfield code="a">br20201022</subfield>
    <subfield code="b">kurd</subfield>
  </datafield>
</record>