

<record>
  <leader>     nz  a22     n  4500</leader>
  <controlfield tag="001">kon20201090159</controlfield>
  <controlfield tag="003">CZ PrNK</controlfield>
  <controlfield tag="005">20201023083149.0</controlfield>
  <controlfield tag="008">201023|n|aznnnaabn           n a|a      </controlfield>
  <datafield tag="040" ind1=" " ind2=" ">
    <subfield code="a">ABA001</subfield>
    <subfield code="b">cze</subfield>
    <subfield code="e">rda</subfield>
  </datafield>
  <datafield tag="110" ind1="2" ind2=" ">
    <subfield code="a">Tělocvičná jednota Sokol Mělník.</subfield>
    <subfield code="t">Výroční zpráva (Tělocvičná jednota Sokol Mělník)</subfield>
    <subfield code="7">kon20201090159</subfield>
  </datafield>
  <datafield tag="410" ind1="2" ind2=" ">
    <subfield code="a">Tělocvičná jednota Sokol Mělník.</subfield>
    <subfield code="t">Výroční zpráva o činnosti tělocvičné jednoty Sokol na Mělníku</subfield>
    <subfield code="0">o</subfield>
  </datafield>
  <datafield tag="670" ind1=" " ind2=" ">
    <subfield code="a">Výroční zpráva o činnosti tělocvičné jednoty "Sokol" na Mělníku. [Mělník] : nákladem tělocvičné jednoty Sokol, [1869-1888?]</subfield>
  </datafield>
  <datafield tag="906" ind1=" " ind2=" ">
    <subfield code="a">br20201023</subfield>
    <subfield code="b">juri</subfield>
  </datafield>
  <datafield tag="906" ind1=" " ind2=" ">
    <subfield code="a">ks20201023</subfield>
    <subfield code="b">juri</subfield>
  </datafield>
</record>