

<record>
  <leader>     nz  a22     n  4500</leader>
  <controlfield tag="001">aun20201090161</controlfield>
  <controlfield tag="003">CZ PrNK</controlfield>
  <controlfield tag="005">20201023083720.0</controlfield>
  <controlfield tag="008">201023|n|aznnnaabn           n a|a      </controlfield>
  <datafield tag="040" ind1=" " ind2=" ">
    <subfield code="a">ABA001</subfield>
    <subfield code="b">cze</subfield>
    <subfield code="e">rda</subfield>
  </datafield>
  <datafield tag="100" ind1="1" ind2=" ">
    <subfield code="a">Biener z Bienenberka, Karel Josef,</subfield>
    <subfield code="d">1731-1798.</subfield>
    <subfield code="t">Versuch einer kurzgefaßten Geschichte der Stadt Königinn-Hof, worinnen XXX. Urkunden enthalten sind</subfield>
    <subfield code="7">aun20201090161</subfield>
  </datafield>
  <datafield tag="400" ind1="1" ind2=" ">
    <subfield code="a">Biener z Bienenberka, Karel Josef,</subfield>
    <subfield code="d">1731-1798.</subfield>
    <subfield code="t">Versuch einer kurzgefaßten Geschichte der Stadt Königinn-Hof</subfield>
    <subfield code="0">o</subfield>
  </datafield>
  <datafield tag="670" ind1=" " ind2=" ">
    <subfield code="a">ÖNB, cit. 23. 10. 2020</subfield>
  </datafield>
  <datafield tag="670" ind1=" " ind2=" ">
    <subfield code="a">www(www.historickefondy.cz), cit. 23. 10. 2020</subfield>
  </datafield>
  <datafield tag="856" ind1="4" ind2="2">
    <subfield code="u">https://search.mlp.cz/cz/titul/versuch-einer-kurzgefaten-geschichte-der-stadt-koniginn-hof-worinnen-xxx/2865565/#/getPodobneTituly=deskriptory-eq:26984618-amp:key-eq:2865565</subfield>
    <subfield code="4">N</subfield>
  </datafield>
  <datafield tag="906" ind1=" " ind2=" ">
    <subfield code="a">br20201023</subfield>
    <subfield code="b">blau</subfield>
  </datafield>
  <datafield tag="906" ind1=" " ind2=" ">
    <subfield code="a">ks20201023</subfield>
    <subfield code="b">blau</subfield>
  </datafield>
</record>