

<record>
  <leader>     cz  a22     n  4500</leader>
  <controlfield tag="001">ko20201090168</controlfield>
  <controlfield tag="003">CZ PrNK</controlfield>
  <controlfield tag="005">20201023123023.0</controlfield>
  <controlfield tag="008">201023|n|aznnnaabn           n a|a      </controlfield>
  <datafield tag="040" ind1=" " ind2=" ">
    <subfield code="a">ABA001</subfield>
    <subfield code="b">cze</subfield>
    <subfield code="d">ABA001</subfield>
    <subfield code="e">rda</subfield>
  </datafield>
  <datafield tag="110" ind1="2" ind2=" ">
    <subfield code="a">BIDELIN: Hodnoty ekosystémových služeb, biodiverzity a zeleno-modré infrastruktury ve městech na příkladu Drážďan, Liberce a Děčína (projekt)</subfield>
    <subfield code="7">ko20201090168</subfield>
  </datafield>
  <datafield tag="368" ind1=" " ind2=" ">
    <subfield code="a">programy a projekty</subfield>
  </datafield>
  <datafield tag="370" ind1=" " ind2=" ">
    <subfield code="c">Česko</subfield>
    <subfield code="c">Německo</subfield>
    <subfield code="e">Děčín, Česko</subfield>
    <subfield code="e">Drážďany, Německo</subfield>
    <subfield code="e">Liberec, Česko</subfield>
  </datafield>
  <datafield tag="372" ind1=" " ind2=" ">
    <subfield code="a">regionální rozvoj</subfield>
    <subfield code="a">urbanismus</subfield>
    <subfield code="a">územní plánování</subfield>
    <subfield code="a">ochrana přírody</subfield>
  </datafield>
  <datafield tag="377" ind1=" " ind2=" ">
    <subfield code="a">cze</subfield>
    <subfield code="a">ger</subfield>
  </datafield>
  <datafield tag="410" ind1="2" ind2=" ">
    <subfield code="a">Hodnoty ekosystémových služeb, biodiverzity a zeleno-modré infrastruktury ve městech na příkladu Drážďan, Liberce a Děčína (BIDELIN) (projekt)</subfield>
    <subfield code="0">o</subfield>
  </datafield>
  <datafield tag="410" ind1="2" ind2=" ">
    <subfield code="a">Hodnoty ekosystémových služeb, biodiverzity a zeleno-modré infrastruktury ve městech na příkladu Drážďan, Liberce a Děčína (projekt)</subfield>
    <subfield code="0">o</subfield>
  </datafield>
  <datafield tag="410" ind1="2" ind2=" ">
    <subfield code="a">Projekt Hodnoty ekosystémových služeb, biodiverzity a zeleno-modré infrastruktury ve městech na příkladu Drážďan, Liberce a Děčína</subfield>
    <subfield code="0">o</subfield>
  </datafield>
  <datafield tag="670" ind1=" " ind2=" ">
    <subfield code="a">Městská příroda v Liberci : co nám přináší a co potřebuje</subfield>
  </datafield>
  <datafield tag="670" ind1=" " ind2=" ">
    <subfield code="a">www(BIDELIN), cit. 23. 10. 2020</subfield>
  </datafield>
  <datafield tag="678" ind1=" " ind2=" ">
    <subfield code="a">Cílem projektu financovaného z prostředků Evropské Unie z Evropského fondu pro regionální rozvoj je zvýšit význam ekosystémových služeb a hodnot přírody v urbánním prostředí za pomoci zhodnocení zelené a modré infrastruktury ve městech na příkladu Děčína, Drážďan a Liberce podle jednotné metodiky. Výsledky této analýzy lze využít při rozhodovacích procesech v oblasti územního plánování, ochrany přírody a při práci s veřejností.</subfield>
  </datafield>
  <datafield tag="906" ind1=" " ind2=" ">
    <subfield code="a">za20201023</subfield>
    <subfield code="b">mase</subfield>
  </datafield>
  <datafield tag="906" ind1=" " ind2=" ">
    <subfield code="a">op20201023</subfield>
    <subfield code="b">svsv</subfield>
    <subfield code="c">Viz - nově; Další info - nově; Související místo - nově; Oblast působení - nově; Jazyk - nově</subfield>
  </datafield>
</record>