

<record>
  <leader>     nz  a22     n  4500</leader>
  <controlfield tag="001">kon20201090174</controlfield>
  <controlfield tag="003">CZ PrNK</controlfield>
  <controlfield tag="005">20201023092711.0</controlfield>
  <controlfield tag="008">201023|n|aznnnaabn           n a|a      </controlfield>
  <datafield tag="040" ind1=" " ind2=" ">
    <subfield code="a">ABA001</subfield>
    <subfield code="b">cze</subfield>
    <subfield code="e">rda</subfield>
  </datafield>
  <datafield tag="110" ind1="2" ind2=" ">
    <subfield code="a">Ústředí starostenských sborů slezských.</subfield>
    <subfield code="b">Sekretariát.</subfield>
    <subfield code="t">Výroční zpráva (Ústředí starostenských sborů slezských. Sekretariát)</subfield>
    <subfield code="7">kon20201090174</subfield>
  </datafield>
  <datafield tag="410" ind1="2" ind2=" ">
    <subfield code="a">Ústředí starostenských sborů slezských.</subfield>
    <subfield code="b">Sekretariát.</subfield>
    <subfield code="t">Výroční zpráva Sekretariátu Ústředí starostenských sborů slezských v pol. Ostravě</subfield>
    <subfield code="0">o</subfield>
  </datafield>
  <datafield tag="670" ind1=" " ind2=" ">
    <subfield code="a">... výroční zpráva Národní jednoty slezské v Praze ; a, ... výroční zpráva Sekretariátu Ústředí starostenských sborů slezských v pol. Ostravě. V Praze : nákladem Národní jednoty slezské v Praze, [1910-1931]</subfield>
  </datafield>
  <datafield tag="906" ind1=" " ind2=" ">
    <subfield code="a">br20201023</subfield>
    <subfield code="b">juri</subfield>
  </datafield>
  <datafield tag="906" ind1=" " ind2=" ">
    <subfield code="a">ks20201023</subfield>
    <subfield code="b">juri</subfield>
  </datafield>
</record>