

<record>
  <leader>     nz  a22     n  4500</leader>
  <controlfield tag="001">kon20201090182</controlfield>
  <controlfield tag="003">CZ PrNK</controlfield>
  <controlfield tag="005">20201023094137.0</controlfield>
  <controlfield tag="008">201023|n|aznnnaabn           n a|a      </controlfield>
  <datafield tag="040" ind1=" " ind2=" ">
    <subfield code="a">ABA001</subfield>
    <subfield code="b">cze</subfield>
    <subfield code="e">rda</subfield>
  </datafield>
  <datafield tag="110" ind1="2" ind2=" ">
    <subfield code="a">Verein für deutsche Ferien-Colonien in Prag.</subfield>
    <subfield code="t">Výroční zpráva (Verein für deutsche Ferien-Colonien in Prag).</subfield>
    <subfield code="l">Německy</subfield>
    <subfield code="7">kon20201090182</subfield>
  </datafield>
  <datafield tag="410" ind1="2" ind2=" ">
    <subfield code="a">Verein für deutsche Ferien-Colonien in Prag.</subfield>
    <subfield code="t">Jahres-Bericht des Vereins für deutsche "Ferien-Colonien" für arme und schwächliche Kinder der Stadt Prag</subfield>
    <subfield code="0">o</subfield>
  </datafield>
  <datafield tag="410" ind1="2" ind2=" ">
    <subfield code="a">Verein für deutsche Ferien-Colonien in Prag.</subfield>
    <subfield code="t">Jahres-Bericht des Vereins für deutsche Ferien-Kolonien für arme und schwächliche Kinder der deutschen Schulen Prags und der Vororte</subfield>
    <subfield code="0">o</subfield>
  </datafield>
  <datafield tag="670" ind1=" " ind2=" ">
    <subfield code="a">Jahres-Bericht des Vereins für deutsche "Ferien-Colonien" für arme und schwächliche Kinder der Stadt Prag. Prag : im Selbstverlage des Vereins, [1883?-1904]</subfield>
  </datafield>
  <datafield tag="906" ind1=" " ind2=" ">
    <subfield code="a">br20201023</subfield>
    <subfield code="b">juri</subfield>
  </datafield>
  <datafield tag="906" ind1=" " ind2=" ">
    <subfield code="a">ks20201023</subfield>
    <subfield code="b">juri</subfield>
  </datafield>
</record>