

<record>
  <leader>     nz  a22     n  4500</leader>
  <datafield tag="900" ind1=" " ind2=" ">
    <subfield code="a">J-NÁVRH</subfield>
  </datafield>
  <controlfield tag="001">zmp20201090183</controlfield>
  <controlfield tag="003">CZ PrNK</controlfield>
  <controlfield tag="005">20201023094237.0</controlfield>
  <controlfield tag="008">201023|n|aznnnaabn           n a|a      </controlfield>
  <datafield tag="040" ind1=" " ind2=" ">
    <subfield code="a">ABE323</subfield>
    <subfield code="b">cze</subfield>
    <subfield code="e">rda</subfield>
  </datafield>
  <datafield tag="046" ind1=" " ind2=" ">
    <subfield code="f">1681</subfield>
    <subfield code="g">1694</subfield>
  </datafield>
  <datafield tag="100" ind1="1" ind2=" ">
    <subfield code="a">Abeles, Šimon,</subfield>
    <subfield code="d">asi 1681-1694</subfield>
    <subfield code="7">zmp20201090183</subfield>
  </datafield>
  <datafield tag="370" ind1=" " ind2=" ">
    <subfield code="a">Praha, Česko</subfield>
    <subfield code="b">Praha, Česko</subfield>
    <subfield code="c">Česko</subfield>
  </datafield>
  <datafield tag="372" ind1=" " ind2=" ">
    <subfield code="a">antisemitismus</subfield>
    <subfield code="a">Židé a křesťané</subfield>
    <subfield code="a">inkvizice</subfield>
  </datafield>
  <datafield tag="375" ind1=" " ind2=" ">
    <subfield code="a">muž</subfield>
  </datafield>
  <datafield tag="400" ind1="1" ind2=" ">
    <subfield code="a">Abeles, Simon,</subfield>
    <subfield code="d">asi 1681-1694</subfield>
    <subfield code="0">o</subfield>
  </datafield>
  <datafield tag="670" ind1=" " ind2=" ">
    <subfield code="a">Vachenauer, Marie: Der Fall Simon Abeles. Berlin, 2011.</subfield>
  </datafield>
  <datafield tag="670" ind1=" " ind2=" ">
    <subfield code="a">www(Wikipedie, otevřená encyklopedie), cit. 23.10. 2020</subfield>
    <subfield code="b">autoritní forma, odkaz, viz, data, biografické údaje</subfield>
    <subfield code="u">https://cs.wikipedia.org/wiki/%C5%A0imon_Abeles</subfield>
  </datafield>
  <datafield tag="678" ind1="0" ind2=" ">
    <subfield code="a">Narozen asi 1681 v Praze, zemřel 21. února 1694 tamtéž. Pražský Žid, který zemřel za nejasných okolností ve věku dvanácti let. Jeho smrt byla označena za nábožensky motivovanou vraždu.</subfield>
  </datafield>
  <datafield tag="906" ind1=" " ind2=" ">
    <subfield code="a">za20201023</subfield>
    <subfield code="b">godi</subfield>
  </datafield>
</record>