

<record>
  <leader>     nz  a22     n  4500</leader>
  <controlfield tag="001">ko20201090188</controlfield>
  <controlfield tag="003">CZ PrNK</controlfield>
  <controlfield tag="005">20201023111942.0</controlfield>
  <controlfield tag="008">201023|n|aznnnaabn           n a|a      </controlfield>
  <datafield tag="040" ind1=" " ind2=" ">
    <subfield code="a">ABA001</subfield>
    <subfield code="b">cze</subfield>
    <subfield code="d">ABA001</subfield>
    <subfield code="e">rda</subfield>
  </datafield>
  <datafield tag="111" ind1="2" ind2=" ">
    <subfield code="a">Conrad Wilhelm Hase (1818-1902) (konference)</subfield>
    <subfield code="d">(2018 :</subfield>
    <subfield code="c">Hannover, Německo)</subfield>
    <subfield code="7">ko20201090188</subfield>
  </datafield>
  <datafield tag="368" ind1=" " ind2=" ">
    <subfield code="a">konference</subfield>
    <subfield code="a">kolokvia</subfield>
  </datafield>
  <datafield tag="370" ind1=" " ind2=" ">
    <subfield code="c">Německo</subfield>
    <subfield code="e">Hannover, Německo</subfield>
  </datafield>
  <datafield tag="372" ind1=" " ind2=" ">
    <subfield code="a">architekti</subfield>
    <subfield code="a">vysokoškolští učitelé</subfield>
    <subfield code="a">německá architektura</subfield>
  </datafield>
  <datafield tag="377" ind1=" " ind2=" ">
    <subfield code="a">ger</subfield>
  </datafield>
  <datafield tag="411" ind1="2" ind2=" ">
    <subfield code="a">Tagung "Conrad Wilhelm Hase (1818-1902)"</subfield>
    <subfield code="d">(2018 :</subfield>
    <subfield code="c">Hannover, Německo)</subfield>
    <subfield code="0">o</subfield>
  </datafield>
  <datafield tag="411" ind1="2" ind2=" ">
    <subfield code="a">Kolloquium "Conrad Wilhelm Hase (1818-1902)"</subfield>
    <subfield code="d">(2018 :</subfield>
    <subfield code="c">Hannover, Německo)</subfield>
    <subfield code="0">o</subfield>
  </datafield>
  <datafield tag="670" ind1=" " ind2=" ">
    <subfield code="a">Conrad Wilhelm Hase (1818-1902) : Architekt, Hochschullehrer, Konsistorialbaumeister, Denkmalpfleger</subfield>
    <subfield code="b">autoritní forma</subfield>
  </datafield>
  <datafield tag="670" ind1=" " ind2=" ">
    <subfield code="a">DNB, cit. 23.10.2020</subfield>
    <subfield code="b">autoritní forma; odkaz viz</subfield>
  </datafield>
  <datafield tag="670" ind1=" " ind2=" ">
    <subfield code="a">www(ArtHist, network for a history), cit. 23.10.2020</subfield>
    <subfield code="b">odkaz viz: Kolloquium "Conrad Wilhelm Hase (1818-1902)"</subfield>
  </datafield>
  <datafield tag="675" ind1=" " ind2=" ">
    <subfield code="a">LC (Names), cit. 23.10.2020</subfield>
  </datafield>
  <datafield tag="906" ind1=" " ind2=" ">
    <subfield code="a">za20201023</subfield>
    <subfield code="b">klou</subfield>
  </datafield>
  <datafield tag="906" ind1=" " ind2=" ">
    <subfield code="a">vr20201023</subfield>
    <subfield code="b">svsv</subfield>
  </datafield>
</record>