

<record>
  <leader>     nz  a22     n  4500</leader>
  <controlfield tag="001">pna20201090197</controlfield>
  <controlfield tag="003">CZ PrNK</controlfield>
  <controlfield tag="005">20201023141908.0</controlfield>
  <controlfield tag="008">201023|n|aznnnaabn           n a|a      </controlfield>
  <datafield tag="040" ind1=" " ind2=" ">
    <subfield code="a">PNA001</subfield>
    <subfield code="b">cze</subfield>
    <subfield code="d">ABA001</subfield>
    <subfield code="e">rda</subfield>
  </datafield>
  <datafield tag="046" ind1=" " ind2=" ">
    <subfield code="f">1949</subfield>
  </datafield>
  <datafield tag="100" ind1="1" ind2=" ">
    <subfield code="a">Tsemberis, Sam J.,</subfield>
    <subfield code="d">1949-</subfield>
    <subfield code="7">pna20201090197</subfield>
  </datafield>
  <datafield tag="370" ind1=" " ind2=" ">
    <subfield code="c">Řecko</subfield>
    <subfield code="c">Kanada</subfield>
  </datafield>
  <datafield tag="372" ind1=" " ind2=" ">
    <subfield code="a">klinická psychologie</subfield>
    <subfield code="a">bezdomovectví</subfield>
    <subfield code="a">duševní poruchy</subfield>
    <subfield code="a">drogová závislost</subfield>
  </datafield>
  <datafield tag="374" ind1=" " ind2=" ">
    <subfield code="a">psychologové</subfield>
  </datafield>
  <datafield tag="375" ind1=" " ind2=" ">
    <subfield code="a">muž</subfield>
  </datafield>
  <datafield tag="377" ind1=" " ind2=" ">
    <subfield code="a">eng</subfield>
  </datafield>
  <datafield tag="400" ind1="1" ind2=" ">
    <subfield code="a">Tsemberis, Sam,</subfield>
    <subfield code="d">1949-</subfield>
    <subfield code="0">o</subfield>
  </datafield>
  <datafield tag="670" ind1=" " ind2=" ">
    <subfield code="a">Tsemberis, Sam: Housing First : model Pathways ukončení bezdomovectví u osob trpících duševními poruchami a poruchami plynoucími z užívání psychoaktivních látek, 2020</subfield>
    <subfield code="b">odkaz viz, profesní údaje</subfield>
  </datafield>
  <datafield tag="670" ind1=" " ind2=" ">
    <subfield code="a">LC (Names), cit. 23. 10. 2020</subfield>
    <subfield code="b">autoritní forma</subfield>
  </datafield>
  <datafield tag="670" ind1=" " ind2=" ">
    <subfield code="a">www(Wikipedia, the free encyclopedia - Sam Tsemberis), cit. 23. 10. 2020</subfield>
    <subfield code="b">národnost, profesní údaje</subfield>
    <subfield code="u">https://en.wikipedia.org/wiki/Sam_Tsemberis</subfield>
  </datafield>
  <datafield tag="678" ind1="0" ind2=" ">
    <subfield code="a">Řecko-kanadský klinický a komunitní psycholog, zakladatel organizace Pathways to Housing zabývající se zajištěním bydlení pro osoby s duševními poruchami.</subfield>
  </datafield>
  <datafield tag="906" ind1=" " ind2=" ">
    <subfield code="a">za20201023</subfield>
    <subfield code="b">kali</subfield>
  </datafield>
  <datafield tag="906" ind1=" " ind2=" ">
    <subfield code="a">vr20201023</subfield>
    <subfield code="b">lisi</subfield>
  </datafield>
</record>