

<record>
  <leader>     nz  a22     n  4500</leader>
  <datafield tag="900" ind1=" " ind2=" ">
    <subfield code="a">J-NÁVRH-STT</subfield>
  </datafield>
  <controlfield tag="001">ntk20201090198</controlfield>
  <controlfield tag="003">CZ PrNK</controlfield>
  <controlfield tag="005">20201023111046.0</controlfield>
  <controlfield tag="008">201023|n|aznnnaabn           n a|a      </controlfield>
  <datafield tag="024" ind1="7" ind2=" ">
    <subfield code="a">0000000374324174</subfield>
    <subfield code="2">isni</subfield>
  </datafield>
  <datafield tag="024" ind1="7" ind2=" ">
    <subfield code="a">Q61268</subfield>
    <subfield code="2">wikidata</subfield>
  </datafield>
  <datafield tag="040" ind1=" " ind2=" ">
    <subfield code="a">ABA013</subfield>
    <subfield code="b">cze</subfield>
    <subfield code="e">rda</subfield>
  </datafield>
  <datafield tag="046" ind1=" " ind2=" ">
    <subfield code="f">1602</subfield>
    <subfield code="g">1637</subfield>
  </datafield>
  <datafield tag="100" ind1="0" ind2=" ">
    <subfield code="a">Vilém</subfield>
    <subfield code="b">V.,</subfield>
    <subfield code="c">hesensko-kasselský lankrabě,</subfield>
    <subfield code="d">1602-1637</subfield>
    <subfield code="7">ntk20201090198</subfield>
  </datafield>
  <datafield tag="368" ind1=" " ind2=" ">
    <subfield code="d">Landgraf von Hessen-Kassel</subfield>
    <subfield code="s">1627</subfield>
    <subfield code="t">1637</subfield>
  </datafield>
  <datafield tag="370" ind1=" " ind2=" ">
    <subfield code="a">Kassel, Německo</subfield>
    <subfield code="b">Leer, Dolní Sasko, Německo</subfield>
    <subfield code="c">Německo</subfield>
    <subfield code="f">Hesensko, Německo</subfield>
  </datafield>
  <datafield tag="372" ind1=" " ind2=" ">
    <subfield code="a">státní správa</subfield>
    <subfield code="a">politika</subfield>
    <subfield code="a">vládnutí</subfield>
  </datafield>
  <datafield tag="374" ind1=" " ind2=" ">
    <subfield code="a">šlechtici</subfield>
    <subfield code="a">panovníci</subfield>
    <subfield code="a">politici</subfield>
  </datafield>
  <datafield tag="375" ind1=" " ind2=" ">
    <subfield code="a">muž</subfield>
  </datafield>
  <datafield tag="377" ind1=" " ind2=" ">
    <subfield code="a">ger</subfield>
    <subfield code="a">lat</subfield>
  </datafield>
  <datafield tag="400" ind1="0" ind2=" ">
    <subfield code="a">Wilhelm</subfield>
    <subfield code="b">V.,</subfield>
    <subfield code="c">Hessen-Kassel, Landgraf,</subfield>
    <subfield code="d">1602-1637</subfield>
    <subfield code="0">o</subfield>
  </datafield>
  <datafield tag="400" ind1="0" ind2=" ">
    <subfield code="a">Wilhelm</subfield>
    <subfield code="b">V.,</subfield>
    <subfield code="c">Hessen, Landgraf,</subfield>
    <subfield code="d">1602-1637</subfield>
    <subfield code="0">o</subfield>
  </datafield>
  <datafield tag="400" ind1="0" ind2=" ">
    <subfield code="a">Wilhelm,</subfield>
    <subfield code="c">der Standhaftige,</subfield>
    <subfield code="d">1602-1637</subfield>
    <subfield code="0">o</subfield>
  </datafield>
  <datafield tag="400" ind1="0" ind2=" ">
    <subfield code="a">Wilhelm,</subfield>
    <subfield code="c">der Beständige,</subfield>
    <subfield code="d">1602-1637</subfield>
    <subfield code="0">o</subfield>
  </datafield>
  <datafield tag="400" ind1="0" ind2=" ">
    <subfield code="a">Wilhelmus</subfield>
    <subfield code="b">V.,</subfield>
    <subfield code="c">Hessen-Kassel, Landgraf,</subfield>
    <subfield code="d">1602-1637</subfield>
    <subfield code="0">o</subfield>
  </datafield>
  <datafield tag="400" ind1="0" ind2=" ">
    <subfield code="a">Guilhelmus,</subfield>
    <subfield code="c">Hassia, Landgravius,</subfield>
    <subfield code="d">1602-1637</subfield>
    <subfield code="0">o</subfield>
  </datafield>
  <datafield tag="400" ind1="1" ind2=" ">
    <subfield code="a">Catzenelnbogen-Dietz-Ziegenhain &amp; Nidda, Guilhelmus in,</subfield>
    <subfield code="d">1602-1637</subfield>
    <subfield code="0">o</subfield>
  </datafield>
  <datafield tag="400" ind1="0" ind2=" ">
    <subfield code="a">Guilielmus,</subfield>
    <subfield code="c">Hassia, Landgravius,</subfield>
    <subfield code="d">1602-1637</subfield>
    <subfield code="0">o</subfield>
  </datafield>
  <datafield tag="400" ind1="0" ind2=" ">
    <subfield code="a">Wilhelmus,</subfield>
    <subfield code="c">Hassia, Landgravius,</subfield>
    <subfield code="d">1602-1637</subfield>
    <subfield code="0">o</subfield>
  </datafield>
  <datafield tag="400" ind1="0" ind2=" ">
    <subfield code="a">Wilhelm</subfield>
    <subfield code="b">V,</subfield>
    <subfield code="c">Landgraf von Hessen-Kassel,</subfield>
    <subfield code="d">1602-1637</subfield>
    <subfield code="0">o</subfield>
  </datafield>
  <datafield tag="400" ind1="0" ind2=" ">
    <subfield code="a">William</subfield>
    <subfield code="b">V,</subfield>
    <subfield code="c">Landgrave of Hesse-Kassel,</subfield>
    <subfield code="d">1602-1637</subfield>
    <subfield code="0">o</subfield>
  </datafield>
  <datafield tag="667" ind1=" " ind2=" ">
    <subfield code="a">http://d-nb.info/gnd/118807331.</subfield>
  </datafield>
  <datafield tag="670" ind1=" " ind2=" ">
    <subfield code="a">TRIGONOMETRIA PLANORUM MECHANICA. ... Beschrieben von BENJAMIN BRAMERO ... Gedruckt zu Marpurg: Bey Paul Egenolff, der löblichen Universitet Buchdrucker, 1617. [Dedikace]: Denen Durchleuchtigen, Hochgebornen Fürsten und Herrn, Herrn Wilhelmen, und Herrn Philipsen, Gebrüdern, Landgraven zu Hessen, [...]</subfield>
    <subfield code="b">odkaz viz</subfield>
    <subfield code="u">https://doi.org/10.3931/e-rara-1466</subfield>
  </datafield>
  <datafield tag="670" ind1=" " ind2=" ">
    <subfield code="a">DNB, cit. 23. 10. 2020</subfield>
    <subfield code="b">odkazy viz, datum a místo narození a úmrtí, biografické údaje</subfield>
    <subfield code="u">http://d-nb.info/gnd/118807331</subfield>
  </datafield>
  <datafield tag="670" ind1=" " ind2=" ">
    <subfield code="a">www(Wikipedie, otevřená encyklopedie), cit. 23. 10. 2020</subfield>
    <subfield code="b">autoritní forma, biografické a profesní údaje</subfield>
    <subfield code="u">https://cs.wikipedia.org/wiki/Vil%C3%A9m_V._Hesensko-Kasselsk%C3%BD</subfield>
  </datafield>
  <datafield tag="678" ind1="0" ind2=" ">
    <subfield code="a">Německý šlechtic, člen rodu Hesenských. Vládl od r. 1627 po abdikaci svého otce Mořice, lankraběte hesensko-kasselského (1572-1632) až do své smrti (1637). Hesensko-Kasselsko za jeho vlády v době třicetileté války utrpělo velké ztráty a značně zchudlo. Jeho synem byl Vilém VI., hesensko-kasselský (1629-1663). V publikacích 17. století vystupoval také jako dedikant společně se svým bratrem Filipem (1604-1626).</subfield>
  </datafield>
  <datafield tag="906" ind1=" " ind2=" ">
    <subfield code="a">za20201023</subfield>
    <subfield code="b">evbr</subfield>
  </datafield>
  <datafield tag="906" ind1=" " ind2=" ">
    <subfield code="a">ko20201023</subfield>
    <subfield code="b">evbr</subfield>
  </datafield>
</record>