

<record>
  <leader>     cz  a22     n  4500</leader>
  <controlfield tag="001">osa20201090202</controlfield>
  <controlfield tag="003">CZ PrNK</controlfield>
  <controlfield tag="005">20201023160058.0</controlfield>
  <controlfield tag="008">201023|n|aznnnaabn           n a|a      </controlfield>
  <datafield tag="040" ind1=" " ind2=" ">
    <subfield code="a">OSA001</subfield>
    <subfield code="b">cze</subfield>
    <subfield code="d">ABA001</subfield>
    <subfield code="e">rda</subfield>
  </datafield>
  <datafield tag="046" ind1=" " ind2=" ">
    <subfield code="f">1981</subfield>
  </datafield>
  <datafield tag="100" ind1="1" ind2=" ">
    <subfield code="a">Síbrt, Marek,</subfield>
    <subfield code="d">1981-</subfield>
    <subfield code="7">osa20201090202</subfield>
  </datafield>
  <datafield tag="368" ind1=" " ind2=" ">
    <subfield code="d">MA</subfield>
    <subfield code="s">2004</subfield>
  </datafield>
  <datafield tag="370" ind1=" " ind2=" ">
    <subfield code="c">Česko</subfield>
    <subfield code="f">Ostrava, Česko</subfield>
  </datafield>
  <datafield tag="372" ind1=" " ind2=" ">
    <subfield code="a">žurnalistika</subfield>
    <subfield code="a">public relations</subfield>
    <subfield code="a">firemní prezentace</subfield>
    <subfield code="a">reklama a propagace</subfield>
    <subfield code="a">média</subfield>
  </datafield>
  <datafield tag="373" ind1=" " ind2=" ">
    <subfield code="a">Severomoravské vodovody a kanalizace Ostrava</subfield>
  </datafield>
  <datafield tag="374" ind1=" " ind2=" ">
    <subfield code="a">učitelé</subfield>
    <subfield code="a">tiskoví mluvčí</subfield>
    <subfield code="a">novináři</subfield>
    <subfield code="a">mediální analytici</subfield>
  </datafield>
  <datafield tag="375" ind1=" " ind2=" ">
    <subfield code="a">muž</subfield>
  </datafield>
  <datafield tag="377" ind1=" " ind2=" ">
    <subfield code="a">cze</subfield>
  </datafield>
  <datafield tag="670" ind1=" " ind2=" ">
    <subfield code="a">Komínek, Jiří - Síbrt, Marek: Voda z hor, 2018</subfield>
    <subfield code="b">autoritní forma</subfield>
  </datafield>
  <datafield tag="670" ind1=" " ind2=" ">
    <subfield code="a">www(ARES), cit. 23. 10. 2020</subfield>
    <subfield code="b">datum narození</subfield>
  </datafield>
  <datafield tag="670" ind1=" " ind2=" ">
    <subfield code="a">www(Marek Síbrt. In: LinkedIn), cit. 23. 10. 2020</subfield>
    <subfield code="b">biografické údaje</subfield>
  </datafield>
  <datafield tag="678" ind1="0" ind2=" ">
    <subfield code="a">Narozen 24. 1. 1981. Tiskový mluvčí společnosti Severomoravské vodovody a kanalizace Ostrava. Novinář, mediální analytik, učitel a tiskový mluvčí OKD. Autor publikací z oboru.</subfield>
  </datafield>
  <datafield tag="906" ind1=" " ind2=" ">
    <subfield code="a">ko20201023</subfield>
    <subfield code="b">xkaja</subfield>
  </datafield>
  <datafield tag="906" ind1=" " ind2=" ">
    <subfield code="a">op20201023</subfield>
    <subfield code="b">kurd</subfield>
    <subfield code="c">670 - formální oprava; 678 - zrušeno, formální opravy</subfield>
  </datafield>
</record>