

<record>
  <leader>     nz  a22     n  4500</leader>
  <controlfield tag="001">ge1090207</controlfield>
  <controlfield tag="003">CZ PrNK</controlfield>
  <controlfield tag="005">20201023103140.0</controlfield>
  <controlfield tag="008">201023|n|acznnaabn           n a|a      </controlfield>
  <datafield tag="034" ind1=" " ind2=" ">
    <subfield code="d">E007.4679</subfield>
    <subfield code="e">E007.4679</subfield>
    <subfield code="f">N053.2357</subfield>
    <subfield code="g">N053.2357</subfield>
  </datafield>
  <datafield tag="040" ind1=" " ind2=" ">
    <subfield code="a">ABA001</subfield>
    <subfield code="b">cze</subfield>
  </datafield>
  <datafield tag="043" ind1=" " ind2=" ">
    <subfield code="a">e-gx---</subfield>
  </datafield>
  <datafield tag="080" ind1=" " ind2=" ">
    <subfield code="a">(430.117)</subfield>
    <subfield code="2">MRF_2014</subfield>
  </datafield>
  <datafield tag="151" ind1=" " ind2=" ">
    <subfield code="a">Leer (Dolní Sasko, Německo)</subfield>
    <subfield code="7">ge1090207</subfield>
  </datafield>
  <datafield tag="670" ind1=" " ind2=" ">
    <subfield code="a">www(Getty)</subfield>
  </datafield>
  <datafield tag="670" ind1=" " ind2=" ">
    <subfield code="a">www(Wikipedie, otevřená encyklopedie)</subfield>
  </datafield>
  <datafield tag="678" ind1=" " ind2=" ">
    <subfield code="a">Město ve spolkové zemi Dolní Sasko.</subfield>
  </datafield>
  <datafield tag="751" ind1="0" ind2="7">
    <subfield code="a">Leer (Lower Saxony, Germany)</subfield>
    <subfield code="2">eczenas</subfield>
  </datafield>
  <datafield tag="856" ind1="4" ind2="2">
    <subfield code="u">https://cs.wikipedia.org/wiki/Leer</subfield>
    <subfield code="4">N</subfield>
  </datafield>
  <datafield tag="GPS" ind1=" " ind2=" ">
    <subfield code="a">53°14'8.4"N</subfield>
    <subfield code="c">7°28'4.4"E</subfield>
  </datafield>
  <datafield tag="956" ind1="4" ind2=" ">
    <subfield code="u">http://aleph.nkp.cz/aleph-cgi/show_map?ll=53.23567,7.46789&amp;z=12</subfield>
    <subfield code="y">Zobrazit na mapě</subfield>
    <subfield code="4">N</subfield>
  </datafield>
  <datafield tag="906" ind1=" " ind2=" ">
    <subfield code="a">wp20201023</subfield>
    <subfield code="b">napo</subfield>
  </datafield>
  <datafield tag="950" ind1="1" ind2=" ">
    <subfield code="a">správní celek</subfield>
  </datafield>
</record>