

<record>
  <leader>     nz  a22     n  4500</leader>
  <datafield tag="900" ind1=" " ind2=" ">
    <subfield code="a">*J-NÁVRH</subfield>
  </datafield>
  <controlfield tag="001">mzk20201090215</controlfield>
  <controlfield tag="003">CZ PrNK</controlfield>
  <controlfield tag="005">20201023105120.0</controlfield>
  <controlfield tag="008">201023|n|aznnnaabn           n a|a      </controlfield>
  <datafield tag="024" ind1="7" ind2=" ">
    <subfield code="a">0000000063442624</subfield>
    <subfield code="2">isni</subfield>
  </datafield>
  <datafield tag="040" ind1=" " ind2=" ">
    <subfield code="a">BOA001</subfield>
    <subfield code="b">cze</subfield>
    <subfield code="e">rda</subfield>
  </datafield>
  <datafield tag="046" ind1=" " ind2=" ">
    <subfield code="f">1892</subfield>
    <subfield code="g">1985</subfield>
  </datafield>
  <datafield tag="100" ind1="1" ind2=" ">
    <subfield code="a">Lamey, Carl A.</subfield>
    <subfield code="q">(Carl Arthur),</subfield>
    <subfield code="d">1892-1985</subfield>
    <subfield code="7">mzk20201090215</subfield>
  </datafield>
  <datafield tag="370" ind1=" " ind2=" ">
    <subfield code="c">Spojené státy americké</subfield>
  </datafield>
  <datafield tag="372" ind1=" " ind2=" ">
    <subfield code="a">geologie</subfield>
    <subfield code="a">ložiska nerostných surovin</subfield>
  </datafield>
  <datafield tag="374" ind1=" " ind2=" ">
    <subfield code="a">geologové</subfield>
    <subfield code="a">vědci</subfield>
    <subfield code="a">vysokoškolští učitelé</subfield>
  </datafield>
  <datafield tag="375" ind1=" " ind2=" ">
    <subfield code="a">muž</subfield>
  </datafield>
  <datafield tag="377" ind1=" " ind2=" ">
    <subfield code="a">eng</subfield>
  </datafield>
  <datafield tag="670" ind1=" " ind2=" ">
    <subfield code="a">Lamey, Carl A. - Hotz, Preston Enslow: The Cle Elum River nickeliferous iron deposits, Kittitas County, Washington, 1952</subfield>
  </datafield>
  <datafield tag="670" ind1=" " ind2=" ">
    <subfield code="a">LC (Names), cit. 23. 10. 2020</subfield>
    <subfield code="b">autoritní forma, rok narození</subfield>
  </datafield>
  <datafield tag="670" ind1=" " ind2=" ">
    <subfield code="a">www(Geological Society of America), cit. 23. 10. 2020</subfield>
    <subfield code="b">biografické údaje, datum úmrtí</subfield>
    <subfield code="u">https://www.geosociety.org/documents/gsa/memorials/v18/Lamey-CA.pdf</subfield>
  </datafield>
  <datafield tag="678" ind1="0" ind2=" ">
    <subfield code="a">Americký geolog, vědec a vysokoškolský učitel zaměřený na ložiska kovů a průmyslových nerostů.</subfield>
  </datafield>
  <datafield tag="906" ind1=" " ind2=" ">
    <subfield code="a">za20201023</subfield>
    <subfield code="b">svobal</subfield>
  </datafield>
</record>