

<record>
  <leader>     nz  a22     n  4500</leader>
  <datafield tag="900" ind1=" " ind2=" ">
    <subfield code="a">J-NÁVRH-STT</subfield>
  </datafield>
  <controlfield tag="001">ntk20201090216</controlfield>
  <controlfield tag="003">CZ PrNK</controlfield>
  <controlfield tag="005">20201023105628.0</controlfield>
  <controlfield tag="008">201023|n|aznnnaabn           n a|a      </controlfield>
  <datafield tag="024" ind1="7" ind2=" ">
    <subfield code="a">Q28123020</subfield>
    <subfield code="2">wikidata</subfield>
  </datafield>
  <datafield tag="040" ind1=" " ind2=" ">
    <subfield code="a">ABA013</subfield>
    <subfield code="b">cze</subfield>
    <subfield code="e">rda</subfield>
  </datafield>
  <datafield tag="046" ind1=" " ind2=" ">
    <subfield code="f">1604</subfield>
    <subfield code="g">1626</subfield>
  </datafield>
  <datafield tag="100" ind1="0" ind2=" ">
    <subfield code="a">Philipp,</subfield>
    <subfield code="c">hesensko-kasselský lankrabě,</subfield>
    <subfield code="d">1604-1626</subfield>
    <subfield code="7">ntk20201090216</subfield>
  </datafield>
  <datafield tag="368" ind1=" " ind2=" ">
    <subfield code="d">Landgraf von Hessen-Kassel</subfield>
    <subfield code="d">Prinz von Hessen</subfield>
  </datafield>
  <datafield tag="370" ind1=" " ind2=" ">
    <subfield code="a">Kassel, Německo</subfield>
    <subfield code="b">Lutter am Barenberge, Německo</subfield>
    <subfield code="c">Německo</subfield>
    <subfield code="f">Lutter am Barenberge, Německo</subfield>
    <subfield code="f">Hesensko, Německo</subfield>
  </datafield>
  <datafield tag="372" ind1=" " ind2=" ">
    <subfield code="a">politika</subfield>
    <subfield code="a">vojenství</subfield>
    <subfield code="a">válečnictví</subfield>
  </datafield>
  <datafield tag="374" ind1=" " ind2=" ">
    <subfield code="a">šlechtici</subfield>
    <subfield code="a">vojáci</subfield>
    <subfield code="a">plukovníci</subfield>
  </datafield>
  <datafield tag="375" ind1=" " ind2=" ">
    <subfield code="a">muž</subfield>
  </datafield>
  <datafield tag="377" ind1=" " ind2=" ">
    <subfield code="a">lat</subfield>
    <subfield code="a">ger</subfield>
  </datafield>
  <datafield tag="400" ind1="0" ind2=" ">
    <subfield code="a">Philipp,</subfield>
    <subfield code="c">Hessen-Kassel, Landgraf,</subfield>
    <subfield code="d">1604-1626</subfield>
    <subfield code="0">o</subfield>
  </datafield>
  <datafield tag="400" ind1="0" ind2=" ">
    <subfield code="a">Philipp,</subfield>
    <subfield code="c">Hessen, Landgraf,</subfield>
    <subfield code="d">1604-1626</subfield>
    <subfield code="0">o</subfield>
  </datafield>
  <datafield tag="400" ind1="0" ind2=" ">
    <subfield code="a">Philippus,</subfield>
    <subfield code="c">Hessen-Kassel, Landgraf,</subfield>
    <subfield code="d">1604-1626</subfield>
    <subfield code="0">o</subfield>
  </datafield>
  <datafield tag="400" ind1="0" ind2=" ">
    <subfield code="a">Philippus,</subfield>
    <subfield code="c">Hassia, Landgravius,</subfield>
    <subfield code="d">1604-1626</subfield>
    <subfield code="0">o</subfield>
  </datafield>
  <datafield tag="400" ind1="0" ind2=" ">
    <subfield code="a">Filip,</subfield>
    <subfield code="c">hesensko-kasselský lankrabě,</subfield>
    <subfield code="d">1604-1626</subfield>
    <subfield code="0">o</subfield>
  </datafield>
  <datafield tag="667" ind1=" " ind2=" ">
    <subfield code="a">http://d-nb.info/gnd/10432676X.</subfield>
  </datafield>
  <datafield tag="670" ind1=" " ind2=" ">
    <subfield code="a">TRIGONOMETRIA PLANORUM MECHANICA. ... Beschrieben von BENJAMIN BRAMERO ... Gedruckt zu Marpurg: Bey Paul Egenolff, der löblichen Universitet Buchdrucker, 1617. [Dedikace]: Denen Durchleuchtigen, Hochgebornen Fürsten und Herrn, Herrn Wilhelmen, und Herrn Philipsen, Gebrüdern, Landgraven zu Hessen, [...]</subfield>
    <subfield code="b">odkaz viz</subfield>
    <subfield code="u">https://doi.org/10.3931/e-rara-1466</subfield>
  </datafield>
  <datafield tag="670" ind1=" " ind2=" ">
    <subfield code="a">DNB, cit. 23. 10. 2020</subfield>
    <subfield code="b">autoritní forma, odkazy viz, datum narození a úmrtí</subfield>
    <subfield code="u">http://d-nb.info/gnd/10432676X</subfield>
  </datafield>
  <datafield tag="670" ind1=" " ind2=" ">
    <subfield code="a">www(Wikipedia, die freie Enzyklopädie), cit. 23. 10. 2020</subfield>
    <subfield code="b">místo narození a úmrtí, biografické a profesní údaje</subfield>
    <subfield code="u">https://de.wikipedia.org/wiki/Philipp_von_Hessen-Kassel</subfield>
  </datafield>
  <datafield tag="670" ind1=" " ind2=" ">
    <subfield code="a">In obitum DN. PHILIPPI H. L. In: SEQVUNTUR ORATIONES ET CARMINA, ... Cassellis: Saurius, 1635</subfield>
    <subfield code="b">titul osoby na s. 34 „PHILIPPO, HASSIÆ LANDGRAVIO“</subfield>
    <subfield code="u">http://diglib.hab.de/wdb.php?dir=drucke/gm-4f-442-5&amp;pointer=33</subfield>
  </datafield>
  <datafield tag="675" ind1=" " ind2=" ">
    <subfield code="a">Drška, Václav et al.: Encyklopedie osobností Evropy od starověku do současnosti. 1. vyd. Praha: Nakladatelský dům OP, 1993</subfield>
  </datafield>
  <datafield tag="678" ind1="0" ind2=" ">
    <subfield code="a">Německý šlechtic, člen rodu Hesenských. Byl v pořadí čtvrtým synem Mořice, lankraběte hesensko-kasselského (1572-1632) z jeho druhého manželství. Spolu se svým nevlastním bratrem Vilémem V., hesensko-kasselským lankrabětem (1602-1637) se mu dostalo v letech 1614-1615 humanistického vzdělání, po vypuknutí třicetileté války se ale v r. 1619 zapojil do válečných tažení (plukovník kavalérie). V bitvě u Lutteru v r. 1626 zahynul. Při pohřbu byl označen za lankraběte hesensko-kasselského. V publikacích 17. století vystupoval také jako dedikant.</subfield>
  </datafield>
  <datafield tag="906" ind1=" " ind2=" ">
    <subfield code="a">za20201023</subfield>
    <subfield code="b">evbr</subfield>
  </datafield>
  <datafield tag="906" ind1=" " ind2=" ">
    <subfield code="a">ko20201023</subfield>
    <subfield code="b">evbr</subfield>
  </datafield>
</record>