

<record>
  <leader>     cz  a22     n  4500</leader>
  <controlfield tag="001">xx0253165</controlfield>
  <controlfield tag="003">CZ PrNK</controlfield>
  <controlfield tag="005">20201024150023.0</controlfield>
  <controlfield tag="008">201023|n|aznnnaabn           n a|a      </controlfield>
  <datafield tag="040" ind1=" " ind2=" ">
    <subfield code="a">KLG001</subfield>
    <subfield code="b">cze</subfield>
    <subfield code="d">ABA001</subfield>
    <subfield code="e">rda</subfield>
  </datafield>
  <datafield tag="046" ind1=" " ind2=" ">
    <subfield code="f">1919</subfield>
    <subfield code="g">1942</subfield>
  </datafield>
  <datafield tag="100" ind1="1" ind2=" ">
    <subfield code="a">Němec, Silvestr,</subfield>
    <subfield code="d">1919-1942</subfield>
    <subfield code="7">xx0253165</subfield>
  </datafield>
  <datafield tag="370" ind1=" " ind2=" ">
    <subfield code="c">Česko</subfield>
    <subfield code="c">Singapur</subfield>
  </datafield>
  <datafield tag="372" ind1=" " ind2=" ">
    <subfield code="a">obuvnický průmysl</subfield>
    <subfield code="a">bitva o Singapur (1941-1942 : Singapur)</subfield>
  </datafield>
  <datafield tag="373" ind1=" " ind2=" ">
    <subfield code="a">Baťovy závody</subfield>
  </datafield>
  <datafield tag="374" ind1=" " ind2=" ">
    <subfield code="a">zaměstnanci</subfield>
    <subfield code="a">váleční dobrovolníci</subfield>
  </datafield>
  <datafield tag="375" ind1=" " ind2=" ">
    <subfield code="a">muž</subfield>
  </datafield>
  <datafield tag="377" ind1=" " ind2=" ">
    <subfield code="a">cze</subfield>
  </datafield>
  <datafield tag="670" ind1=" " ind2=" ">
    <subfield code="a">Beránek, Jan: Pátrání po Silvestrovi, 2020</subfield>
    <subfield code="b">autoritní forma, datum narození a úmrtí, biografické údaje</subfield>
  </datafield>
  <datafield tag="678" ind1="0" ind2=" ">
    <subfield code="a">Narozen 20. 10. 1919, od 15. 2. 1942 veden jako nezvěstný. Pracovník firmy Baťa, vyslán do Singapuru, kde vstoupil mezi dobrovolníky SSVF (Straits Settlements Volunteer Force).</subfield>
  </datafield>
  <datafield tag="906" ind1=" " ind2=" ">
    <subfield code="a">za20201023</subfield>
    <subfield code="b">xmino</subfield>
  </datafield>
  <datafield tag="906" ind1=" " ind2=" ">
    <subfield code="a">op20201024</subfield>
    <subfield code="b">adpi</subfield>
    <subfield code="c">Biografická poznámka - rozpis zkratek</subfield>
  </datafield>
</record>