

<record>
  <leader>     nz  a22     n  4500</leader>
  <datafield tag="900" ind1=" " ind2=" ">
    <subfield code="a">*J-NÁVRH</subfield>
  </datafield>
  <controlfield tag="001">mzk20201090237</controlfield>
  <controlfield tag="003">CZ PrNK</controlfield>
  <controlfield tag="005">20201023120315.0</controlfield>
  <controlfield tag="008">201023|n|aznnnaabn           n a|a      </controlfield>
  <datafield tag="040" ind1=" " ind2=" ">
    <subfield code="a">BOA001</subfield>
    <subfield code="b">cze</subfield>
    <subfield code="e">rda</subfield>
  </datafield>
  <datafield tag="046" ind1=" " ind2=" ">
    <subfield code="f">1983</subfield>
  </datafield>
  <datafield tag="100" ind1="1" ind2=" ">
    <subfield code="a">De Nera, Vera,</subfield>
    <subfield code="d">1983-</subfield>
    <subfield code="7">mzk20201090237</subfield>
  </datafield>
  <datafield tag="370" ind1=" " ind2=" ">
    <subfield code="c">Česko</subfield>
  </datafield>
  <datafield tag="372" ind1=" " ind2=" ">
    <subfield code="a">překladatelství</subfield>
    <subfield code="a">tlumočení</subfield>
    <subfield code="a">překlady z angličtiny</subfield>
    <subfield code="a">překlady z francouzštiny</subfield>
    <subfield code="a">knihovnictví</subfield>
    <subfield code="a">literární věda</subfield>
    <subfield code="a">lingvistika</subfield>
    <subfield code="a">andragogika</subfield>
    <subfield code="a">literatura pro dívky</subfield>
  </datafield>
  <datafield tag="374" ind1=" " ind2=" ">
    <subfield code="a">překladatelky</subfield>
    <subfield code="a">tlumočnice</subfield>
  </datafield>
  <datafield tag="375" ind1=" " ind2=" ">
    <subfield code="a">žena</subfield>
  </datafield>
  <datafield tag="377" ind1=" " ind2=" ">
    <subfield code="a">cze</subfield>
  </datafield>
  <datafield tag="400" ind1="1" ind2=" ">
    <subfield code="a">Nera, Vera de,</subfield>
    <subfield code="d">1983-</subfield>
    <subfield code="0">o</subfield>
  </datafield>
  <datafield tag="500" ind1="1" ind2=" ">
    <subfield code="w">r</subfield>
    <subfield code="i">Skutečné jméno:</subfield>
    <subfield code="a">Tichá, Veronika,</subfield>
    <subfield code="d">1983-</subfield>
    <subfield code="7">js20140115001</subfield>
  </datafield>
  <datafield tag="670" ind1=" " ind2=" ">
    <subfield code="a">Šestáková, Petra - De Nera, Vera: Teena, aneb, Skutečný průvodce pro holky, 2020</subfield>
    <subfield code="b">autoritní forma</subfield>
  </datafield>
  <datafield tag="670" ind1=" " ind2=" ">
    <subfield code="a">www(Teena Book), cit. 23. 10. 2020</subfield>
    <subfield code="b">odkaz viz též, biografické údaje</subfield>
  </datafield>
  <datafield tag="670" ind1=" " ind2=" ">
    <subfield code="a">www(osobní stránka), cit. 23. 10. 2020</subfield>
    <subfield code="b">biografické údaje</subfield>
    <subfield code="u">http://veradenera.com</subfield>
  </datafield>
  <datafield tag="678" ind1="0" ind2=" ">
    <subfield code="a">Narozena 29. 6. 1983. Mgr., překladatelka z angličtiny a francouzštiny, tlumočnice, autorka odborných textů z oboru knihovnictví a informační vědy, dále se zabývá lingvistikou a andragogikou. Též moderátorka společenských akcí a spoluautorka knihy pro dospívající.</subfield>
  </datafield>
  <datafield tag="906" ind1=" " ind2=" ">
    <subfield code="a">za20201023</subfield>
    <subfield code="b">klosja</subfield>
  </datafield>
</record>