

<record>
  <leader>     cz  a22     n  4500</leader>
  <datafield tag="900" ind1=" " ind2=" ">
    <subfield code="a">K-NÁVRH</subfield>
  </datafield>
  <controlfield tag="001">xx0253175</controlfield>
  <controlfield tag="003">CZ PrNK</controlfield>
  <controlfield tag="005">20201023124206.0</controlfield>
  <controlfield tag="008">201023|n|aznnnaabn           n a|a      </controlfield>
  <datafield tag="040" ind1=" " ind2=" ">
    <subfield code="a">OLD012</subfield>
    <subfield code="b">cze</subfield>
    <subfield code="e">rda</subfield>
  </datafield>
  <datafield tag="110" ind1="1" ind2=" ">
    <subfield code="a">Francie.</subfield>
    <subfield code="b">Commissariat général du plan</subfield>
    <subfield code="7">xx0253175</subfield>
  </datafield>
  <datafield tag="370" ind1=" " ind2=" ">
    <subfield code="c">Francie</subfield>
  </datafield>
  <datafield tag="372" ind1=" " ind2=" ">
    <subfield code="a">hospodářské plánování</subfield>
  </datafield>
  <datafield tag="377" ind1=" " ind2=" ">
    <subfield code="a">fre</subfield>
  </datafield>
  <datafield tag="410" ind1="1" ind2=" ">
    <subfield code="a">Francie.</subfield>
    <subfield code="b">Ministère du plan et de l'aménagement du territoire.</subfield>
    <subfield code="b">Commissariat général du plan</subfield>
    <subfield code="0">o</subfield>
  </datafield>
  <datafield tag="410" ind1="1" ind2=" ">
    <subfield code="a">Francie.</subfield>
    <subfield code="b">Commissariat général au plan</subfield>
    <subfield code="0">o</subfield>
  </datafield>
  <datafield tag="410" ind1="1" ind2=" ">
    <subfield code="a">Francie.</subfield>
    <subfield code="b">Sécrétariat d'Etat auprès du Premier ministre chargé du plan.</subfield>
    <subfield code="b">Commissariat général du plan</subfield>
    <subfield code="0">o</subfield>
  </datafield>
  <datafield tag="410" ind1="2" ind2=" ">
    <subfield code="a">Commissariat général du plan (Francie)</subfield>
    <subfield code="0">o</subfield>
  </datafield>
  <datafield tag="410" ind1="2" ind2=" ">
    <subfield code="a">CGP</subfield>
    <subfield code="0">o</subfield>
  </datafield>
  <datafield tag="510" ind1="2" ind2=" ">
    <subfield code="w">b</subfield>
    <subfield code="a">France Stratégie</subfield>
    <subfield code="7">xx0253176</subfield>
  </datafield>
  <datafield tag="665" ind1=" " ind2=" ">
    <subfield code="a">Novější název korporace: France Stratégie (od roku 2013).</subfield>
  </datafield>
  <datafield tag="670" ind1=" " ind2=" ">
    <subfield code="a">Cornière, M. P. (ed.): Les villes. 1, L'urbanisation, 1970</subfield>
  </datafield>
  <datafield tag="670" ind1=" " ind2=" ">
    <subfield code="a">LC (Names), cit. 23. 10. 2020</subfield>
    <subfield code="b">autoritní forma, odkazy viz</subfield>
  </datafield>
  <datafield tag="670" ind1=" " ind2=" ">
    <subfield code="a">www(Wikipédia, l'encyclopédie libre), cit. 23. 10. 2020</subfield>
    <subfield code="b">odkaz viz též, biografické údaje</subfield>
  </datafield>
  <datafield tag="678" ind1=" " ind2=" ">
    <subfield code="a">https://fr.wikipedia.org/wiki/Commissariat_g%C3%A9n%C3%A9ral_du_Plan.</subfield>
  </datafield>
  <datafield tag="906" ind1=" " ind2=" ">
    <subfield code="a">za20201023</subfield>
    <subfield code="b">xpalz</subfield>
  </datafield>
  <datafield tag="906" ind1=" " ind2=" ">
    <subfield code="a">op20201023</subfield>
    <subfield code="b">svsv</subfield>
    <subfield code="c">Viz též - oprava</subfield>
  </datafield>
</record>