

<record>
  <leader>     nz  a22     n  4500</leader>
  <controlfield tag="001">ko20201090247</controlfield>
  <controlfield tag="003">CZ PrNK</controlfield>
  <controlfield tag="005">20201023134400.0</controlfield>
  <controlfield tag="008">201023|n|aznnnaabn           n a|a      </controlfield>
  <datafield tag="040" ind1=" " ind2=" ">
    <subfield code="a">ABA001</subfield>
    <subfield code="b">cze</subfield>
    <subfield code="d">ABA001</subfield>
    <subfield code="e">rda</subfield>
  </datafield>
  <datafield tag="110" ind1="2" ind2=" ">
    <subfield code="a">Senter for studier av Holocaust og livssynsminoriteter</subfield>
    <subfield code="7">ko20201090247</subfield>
  </datafield>
  <datafield tag="368" ind1=" " ind2=" ">
    <subfield code="a">výzkumné ústavy</subfield>
    <subfield code="a">vědecké ústavy</subfield>
    <subfield code="a">vědecké instituce a organizace</subfield>
  </datafield>
  <datafield tag="370" ind1=" " ind2=" ">
    <subfield code="c">Norsko</subfield>
    <subfield code="e">Oslo, Norsko</subfield>
  </datafield>
  <datafield tag="372" ind1=" " ind2=" ">
    <subfield code="a">holocaust (1939-1945)</subfield>
    <subfield code="a">náboženské menšiny</subfield>
    <subfield code="a">menšiny</subfield>
    <subfield code="a">vědecký výzkum</subfield>
  </datafield>
  <datafield tag="377" ind1=" " ind2=" ">
    <subfield code="a">nor</subfield>
    <subfield code="a">eng</subfield>
  </datafield>
  <datafield tag="410" ind1="2" ind2=" ">
    <subfield code="a">Center for Studies of Holocaust and Religious Minorities</subfield>
    <subfield code="2">czeeng</subfield>
    <subfield code="0">o</subfield>
  </datafield>
  <datafield tag="410" ind1="2" ind2=" ">
    <subfield code="a">Center for Studies of the Holocaust and Religious Minorities</subfield>
    <subfield code="2">czeeng</subfield>
    <subfield code="0">o</subfield>
  </datafield>
  <datafield tag="410" ind1="2" ind2=" ">
    <subfield code="a">Norwegian Center for Holocaust and Minority Studies</subfield>
    <subfield code="2">czeeng</subfield>
    <subfield code="0">o</subfield>
  </datafield>
  <datafield tag="410" ind1="2" ind2=" ">
    <subfield code="a">HL-senteret</subfield>
    <subfield code="0">o</subfield>
  </datafield>
  <datafield tag="670" ind1=" " ind2=" ">
    <subfield code="a">Christhard Hoffmann and Vibeke Moe (eds.): Attitudes towards Jews and Muslims in Norway 2017 : population survey and minority study</subfield>
    <subfield code="b">odkaz viz</subfield>
  </datafield>
  <datafield tag="670" ind1=" " ind2=" ">
    <subfield code="a">LC (Names), cit. 23.10.2020</subfield>
    <subfield code="b">autoritní forma; odkazy viz</subfield>
  </datafield>
  <datafield tag="670" ind1=" " ind2=" ">
    <subfield code="a">www(HL-senteret), cit. 23.10.2020</subfield>
    <subfield code="b">autoritní forma; odkaz viz: Norwegian Center for Holocaust and Minority Studies</subfield>
    <subfield code="u">https://www.hlsenteret.no/</subfield>
  </datafield>
  <datafield tag="906" ind1=" " ind2=" ">
    <subfield code="a">za20201023</subfield>
    <subfield code="b">klou</subfield>
  </datafield>
  <datafield tag="906" ind1=" " ind2=" ">
    <subfield code="a">vr20201023</subfield>
    <subfield code="b">svsv</subfield>
  </datafield>
</record>