

<record>
  <leader>     nz  a22     n  4500</leader>
  <datafield tag="900" ind1=" " ind2=" ">
    <subfield code="a">J-NÁVRH</subfield>
  </datafield>
  <controlfield tag="001">xx0253196</controlfield>
  <controlfield tag="003">CZ PrNK</controlfield>
  <controlfield tag="005">20201023131624.6</controlfield>
  <controlfield tag="008">201023|n|aznnnaabn           n a|a      </controlfield>
  <datafield tag="040" ind1=" " ind2=" ">
    <subfield code="a">ABH306</subfield>
    <subfield code="b">cze</subfield>
    <subfield code="e">rda</subfield>
  </datafield>
  <datafield tag="100" ind1="1" ind2=" ">
    <subfield code="a">Jan,</subfield>
    <subfield code="c">Železný, kardinál,</subfield>
    <subfield code="d">-1430</subfield>
    <subfield code="7">xx0253196</subfield>
  </datafield>
  <datafield tag="370" ind1=" " ind2=" ">
    <subfield code="a">Praha (Česko)</subfield>
    <subfield code="b">Ostřihom (Maďarsko)</subfield>
    <subfield code="c">Česko</subfield>
  </datafield>
  <datafield tag="374" ind1=" " ind2=" ">
    <subfield code="a">biskupové</subfield>
    <subfield code="a">kardinálové</subfield>
  </datafield>
  <datafield tag="375" ind1=" " ind2=" ">
    <subfield code="a">muž</subfield>
  </datafield>
  <datafield tag="400" ind1="1" ind2=" ">
    <subfield code="a">Jan IV.,</subfield>
    <subfield code="c">litomyšlský biskup,</subfield>
    <subfield code="d">-1430</subfield>
    <subfield code="0">o</subfield>
  </datafield>
  <datafield tag="400" ind1="1" ind2=" ">
    <subfield code="a">Jan XI.,</subfield>
    <subfield code="c">olomoucký biskup,</subfield>
    <subfield code="d">-1430</subfield>
    <subfield code="0">o</subfield>
  </datafield>
  <datafield tag="400" ind1="1" ind2=" ">
    <subfield code="a">Jan XII.,</subfield>
    <subfield code="c">olomoucký biskup,</subfield>
    <subfield code="d">-1430</subfield>
    <subfield code="0">o</subfield>
  </datafield>
  <datafield tag="400" ind1="1" ind2=" ">
    <subfield code="a">Jan XI.,</subfield>
    <subfield code="c">vácovský biskup,</subfield>
    <subfield code="d">-1430</subfield>
    <subfield code="0">o</subfield>
  </datafield>
  <datafield tag="400" ind1="1" ind2=" ">
    <subfield code="a">Jan XII.,</subfield>
    <subfield code="c">vácovský biskup,</subfield>
    <subfield code="d">-1430</subfield>
    <subfield code="0">o</subfield>
  </datafield>
  <datafield tag="400" ind1="1" ind2=" ">
    <subfield code="a">Ioannes,</subfield>
    <subfield code="c">Pragensis,</subfield>
    <subfield code="d">-1430</subfield>
    <subfield code="0">o</subfield>
  </datafield>
  <datafield tag="400" ind1="1" ind2=" ">
    <subfield code="a">Jan,</subfield>
    <subfield code="c">Pražský,</subfield>
    <subfield code="d">-1430</subfield>
    <subfield code="0">o</subfield>
  </datafield>
  <datafield tag="400" ind1="1" ind2=" ">
    <subfield code="a">Johann der Eiserne,</subfield>
    <subfield code="d">-1430</subfield>
    <subfield code="0">o</subfield>
  </datafield>
  <datafield tag="400" ind1="1" ind2=" ">
    <subfield code="a">Jan,</subfield>
    <subfield code="c">Železný,</subfield>
    <subfield code="d">-1430</subfield>
    <subfield code="0">o</subfield>
  </datafield>
  <datafield tag="400" ind1="1" ind2=" ">
    <subfield code="a">Germanus, Ioannes,</subfield>
    <subfield code="d">-1430</subfield>
    <subfield code="0">o</subfield>
  </datafield>
  <datafield tag="400" ind1="1" ind2=" ">
    <subfield code="a">Němec, Jan,</subfield>
    <subfield code="d">-1430</subfield>
    <subfield code="0">o</subfield>
  </datafield>
  <datafield tag="400" ind1="1" ind2=" ">
    <subfield code="a">Bucek, Jan,</subfield>
    <subfield code="d">-1430</subfield>
    <subfield code="0">o</subfield>
  </datafield>
  <datafield tag="400" ind1="1" ind2=" ">
    <subfield code="a">Bucka, Jan,</subfield>
    <subfield code="d">-1430</subfield>
    <subfield code="0">o</subfield>
  </datafield>
  <datafield tag="400" ind1="1" ind2=" ">
    <subfield code="a">Bucca, Jan,</subfield>
    <subfield code="d">-1430</subfield>
    <subfield code="0">o</subfield>
  </datafield>
  <datafield tag="670" ind1=" " ind2=" ">
    <subfield code="a">Buben, Milan M.: Encyklopedie českých a moravských sídelních biskupů, 2000</subfield>
    <subfield code="b">autoritní forma, úplné datum úmrtí, odkaz viz, biografické údaje</subfield>
  </datafield>
  <datafield tag="670" ind1=" " ind2=" ">
    <subfield code="a">www(Wikipedie, otevřená encyklopedie), cit. 16. 7. 2020</subfield>
    <subfield code="b">úplné datum úmrtí, odkazy viz, pole 374, biografické údaje</subfield>
    <subfield code="u">https://cs.wikipedia.org/wiki/Jan_XII._Železný</subfield>
  </datafield>
  <datafield tag="678" ind1=" " ind2=" ">
    <subfield code="a">Narozen pravděpodobně v Praze, zemřel 9. října 1430 v Ostřihomi. Biskup, administrátor pražské arcidiecéze, patriarcha akvilejský a později kardinál. Biskup litomyšlský od 28. 4. 1389, biskup olomoucký od 14.2.1418, kardinálem jmenován 24. 5. 1426 papežem Martinem IV., Husův odpůrce a účastník kostnického koncilu.</subfield>
  </datafield>
  <datafield tag="906" ind1=" " ind2=" ">
    <subfield code="a">za20201023</subfield>
    <subfield code="b">xzdkr</subfield>
  </datafield>
</record>