

<record>
  <leader>     nz  a22     n  4500</leader>
  <datafield tag="900" ind1=" " ind2=" ">
    <subfield code="a">K-NÁVRH</subfield>
  </datafield>
  <controlfield tag="001">ko20201090289</controlfield>
  <controlfield tag="003">CZ PrNK</controlfield>
  <controlfield tag="005">20201023140826.0</controlfield>
  <controlfield tag="008">201023|n|aznnnaabn           n a|a      </controlfield>
  <datafield tag="040" ind1=" " ind2=" ">
    <subfield code="a">ABA001</subfield>
    <subfield code="b">cze</subfield>
    <subfield code="e">rda</subfield>
  </datafield>
  <datafield tag="111" ind1="2" ind2=" ">
    <subfield code="a">Šlechtění a technická a agrotechnická opatření vedoucí ke zvyšování konkurenceschopnosti podniků (seminář)</subfield>
    <subfield code="d">(2019 :</subfield>
    <subfield code="c">Lomnice nad Popelkou, Česko)</subfield>
    <subfield code="7">ko20201090289</subfield>
  </datafield>
  <datafield tag="370" ind1=" " ind2=" ">
    <subfield code="c">Česko</subfield>
  </datafield>
  <datafield tag="670" ind1=" " ind2=" ">
    <subfield code="a">Menšík Ladislav, Nesvadba Zdeněk, Mikulka Jan, Kunzová Eva, Prášil Ilja, Chrpová Jana, Pavela Roman a kol.: Šlechtění a technická a agrotechnická opatření vedoucí ke zvyšování konkurenceschopnosti podniků : sborník ze semináře</subfield>
  </datafield>
  <datafield tag="670" ind1=" " ind2=" ">
    <subfield code="a">eagri.cz/public/app/eagriapp/vzdelavaciakce/Prehled/Detail.aspx?guid=9a416630-59d1-45b5-b0b9-32333fb7c034</subfield>
  </datafield>
  <datafield tag="856" ind1="4" ind2="2">
    <subfield code="u">http://eagri.cz/public/app/eagriapp/vzdelavaciakce/Prehled/Detail.aspx?guid=9a416630-59d1-45b5-b0b9-32333fb7c034</subfield>
    <subfield code="4">N</subfield>
  </datafield>
  <datafield tag="906" ind1=" " ind2=" ">
    <subfield code="a">za20201023</subfield>
    <subfield code="b">kahr</subfield>
  </datafield>
</record>