

<record>
  <leader>     nz  a22     n  4500</leader>
  <datafield tag="900" ind1=" " ind2=" ">
    <subfield code="a">K-NÁVRH</subfield>
  </datafield>
  <controlfield tag="001">xx0253207</controlfield>
  <controlfield tag="003">CZ PrNK</controlfield>
  <controlfield tag="005">20201023144122.5</controlfield>
  <controlfield tag="008">201023|n|aznnnaabn           n a|a      </controlfield>
  <datafield tag="040" ind1=" " ind2=" ">
    <subfield code="a">OLD012</subfield>
    <subfield code="b">cze</subfield>
    <subfield code="e">rda</subfield>
  </datafield>
  <datafield tag="110" ind1="2" ind2=" ">
    <subfield code="a">Teatro Nacional Cervantes (Argentina)</subfield>
    <subfield code="7">xx0253207</subfield>
  </datafield>
  <datafield tag="368" ind1=" " ind2=" ">
    <subfield code="a">národní divadla</subfield>
  </datafield>
  <datafield tag="370" ind1=" " ind2=" ">
    <subfield code="c">Argentina</subfield>
    <subfield code="e">Bueon Aires, Argentina</subfield>
  </datafield>
  <datafield tag="372" ind1=" " ind2=" ">
    <subfield code="a">divadelnictví</subfield>
  </datafield>
  <datafield tag="377" ind1=" " ind2=" ">
    <subfield code="a">spa</subfield>
  </datafield>
  <datafield tag="410" ind1="2" ind2=" ">
    <subfield code="a">Teatro Cervantes (Argentina)</subfield>
    <subfield code="0">o</subfield>
  </datafield>
  <datafield tag="410" ind1="2" ind2=" ">
    <subfield code="a">Cervantes (divadlo : Argentina)</subfield>
    <subfield code="0">o</subfield>
  </datafield>
  <datafield tag="410" ind1="1" ind2=" ">
    <subfield code="a">Argentina.</subfield>
    <subfield code="b">Teatro Nacional Cervantes</subfield>
    <subfield code="0">o</subfield>
  </datafield>
  <datafield tag="410" ind1="1" ind2=" ">
    <subfield code="a">Argentina.</subfield>
    <subfield code="b">Secretaría de Cultura.</subfield>
    <subfield code="b">Teatro Nacional Cervantes</subfield>
    <subfield code="0">o</subfield>
  </datafield>
  <datafield tag="670" ind1=" " ind2=" ">
    <subfield code="a">Zago, Manrique (ed.): Teatro Nacional Cervantes, 1997</subfield>
  </datafield>
  <datafield tag="670" ind1=" " ind2=" ">
    <subfield code="a">LC (Names), cit. 23. 10. 2020</subfield>
    <subfield code="b">autoritní forma, odkazy viz</subfield>
  </datafield>
  <datafield tag="670" ind1=" " ind2=" ">
    <subfield code="a">www(Wikipedia, la enciclopedia libre), cit. 23. 10. 2020</subfield>
    <subfield code="b">biografické údaje</subfield>
    <subfield code="u">https://es.wikipedia.org/wiki/Teatro_Nacional_Cervantes</subfield>
  </datafield>
  <datafield tag="906" ind1=" " ind2=" ">
    <subfield code="a">za20201023</subfield>
    <subfield code="b">xpalz</subfield>
  </datafield>
</record>