

<record>
  <leader>     nz  a22     n  4500</leader>
  <datafield tag="900" ind1=" " ind2=" ">
    <subfield code="a">*J-NÁVRH</subfield>
  </datafield>
  <controlfield tag="001">ola20201090303</controlfield>
  <controlfield tag="003">CZ PrNK</controlfield>
  <controlfield tag="005">20201023151258.0</controlfield>
  <controlfield tag="008">201023|n|aznnnaabn           n a|a      </controlfield>
  <datafield tag="040" ind1=" " ind2=" ">
    <subfield code="a">OLA001</subfield>
    <subfield code="b">cze</subfield>
    <subfield code="e">rda</subfield>
  </datafield>
  <datafield tag="100" ind1="1" ind2=" ">
    <subfield code="a">Slivková, Helena</subfield>
    <subfield code="7">ola20201090303</subfield>
  </datafield>
  <datafield tag="370" ind1=" " ind2=" ">
    <subfield code="c">Česko</subfield>
  </datafield>
  <datafield tag="372" ind1=" " ind2=" ">
    <subfield code="a">vzdělávání</subfield>
    <subfield code="a">odborné vzdělávání</subfield>
  </datafield>
  <datafield tag="375" ind1=" " ind2=" ">
    <subfield code="a">žena</subfield>
  </datafield>
  <datafield tag="377" ind1=" " ind2=" ">
    <subfield code="a">cze</subfield>
  </datafield>
  <datafield tag="670" ind1=" " ind2=" ">
    <subfield code="a">Bárta, Ondřej - Slivková, Helena ... [et al.]: Po stopách obsolventů mobilit v odborném vzdělávání : národní zpráva za Českou republiku, 2019</subfield>
    <subfield code="b">autoritní forma</subfield>
  </datafield>
  <datafield tag="670" ind1=" " ind2=" ">
    <subfield code="a">www(Řízení školy online), cit. 23. 10. 2020</subfield>
    <subfield code="b">autoritní forma, biografické údaje</subfield>
  </datafield>
  <datafield tag="670" ind1=" " ind2=" ">
    <subfield code="a">www(Dům zahraniční spolupráce, Erasmus+), cit. 23. 10. 2020</subfield>
    <subfield code="b">autoritní forma, biografické údaje</subfield>
  </datafield>
  <datafield tag="678" ind1="0" ind2=" ">
    <subfield code="a">Mgr., odbornice v oblasti odborného a celoživotního vzdělávání.</subfield>
  </datafield>
  <datafield tag="906" ind1=" " ind2=" ">
    <subfield code="a">ko20201023</subfield>
    <subfield code="b">vepo</subfield>
  </datafield>
</record>