

<record>
  <leader>     nz  a22     n  4500</leader>
  <datafield tag="900" ind1=" " ind2=" ">
    <subfield code="a">J-NÁVRH</subfield>
  </datafield>
  <controlfield tag="001">uk20201090327</controlfield>
  <controlfield tag="003">CZ PrNK</controlfield>
  <controlfield tag="005">20201023173851.0</controlfield>
  <controlfield tag="008">201023|n|aznnnaabn           n a|a      </controlfield>
  <datafield tag="040" ind1=" " ind2=" ">
    <subfield code="a">ABD156</subfield>
    <subfield code="b">cze</subfield>
    <subfield code="e">rda</subfield>
  </datafield>
  <datafield tag="046" ind1=" " ind2=" ">
    <subfield code="f">1907</subfield>
    <subfield code="g">1992</subfield>
  </datafield>
  <datafield tag="100" ind1="1" ind2=" ">
    <subfield code="a">Jandík, Antonín,</subfield>
    <subfield code="d">1907-1992</subfield>
    <subfield code="7">uk20201090327</subfield>
  </datafield>
  <datafield tag="370" ind1=" " ind2=" ">
    <subfield code="a">Pardubice, Česko</subfield>
    <subfield code="b">Kyjov, Hodonín, Česko</subfield>
    <subfield code="c">Česko</subfield>
  </datafield>
  <datafield tag="372" ind1=" " ind2=" ">
    <subfield code="a">služby v církvi</subfield>
    <subfield code="a">vydavatelská činnost</subfield>
    <subfield code="a">náboženské vzdělávání</subfield>
  </datafield>
  <datafield tag="373" ind1=" " ind2=" ">
    <subfield code="a">Církev československá husitská</subfield>
  </datafield>
  <datafield tag="374" ind1=" " ind2=" ">
    <subfield code="a">faráři</subfield>
    <subfield code="a">nakladatelé a vydavatelé</subfield>
    <subfield code="a">učitelé</subfield>
  </datafield>
  <datafield tag="375" ind1=" " ind2=" ">
    <subfield code="a">muž</subfield>
  </datafield>
  <datafield tag="377" ind1=" " ind2=" ">
    <subfield code="a">cze</subfield>
  </datafield>
  <datafield tag="670" ind1=" " ind2=" ">
    <subfield code="a">Jandík, Antonín: Anagarika Dharmapala. In: Náboženská revue, roč. 36, č. 6 (1965), s. 188-190</subfield>
  </datafield>
  <datafield tag="670" ind1=" " ind2=" ">
    <subfield code="a">Biografický slovník Církve československé husitské (editoři: Martin Jindra, Marcel Sladkowski), 2020</subfield>
    <subfield code="b">autoritní forma, data, biografické údaje</subfield>
  </datafield>
  <datafield tag="678" ind1="0" ind2=" ">
    <subfield code="a">Narozen 19. 1. 1907 v Pardubicích, zemřel 8. 2. 1992 v Kyjově, laický pracovník, farář Církve československé husitské, majitel a vydavtel církevního periodika Ohlasy nové reformace, učitel nedělních škol v Pardubicích a Hradci Králové (1947-1949), kazatel v Hradci Králové (1950), farář v Nákle (1950-1954), Plumlově (1954-1066), Kyjově (1966-1976), Břeclavi (1976-1982), zastupující farář v Uherském Brodě (1982-1983), pomocný duchovní hodonínského okrsku (1984-1989), v 60.-70. letech člen církevního ústředního finančního výboru.</subfield>
  </datafield>
  <datafield tag="906" ind1=" " ind2=" ">
    <subfield code="a">za20201023</subfield>
    <subfield code="b">ruzena</subfield>
  </datafield>
</record>